<?xml version="1.0" encoding="UTF-8"?>
<!DOCTYPE html PUBLIC "-//W3C//DTD XHTML 1.0 Transitional//EN"
    "http://www.w3.org/TR/xhtml1/DTD/xhtml1-transitional.dtd">
<html xmlns="http://www.w3.org/1999/xhtml" xml:lang="en" lang="en">
 <head>
  <title>
</title>
<meta http-equiv="Content-Type" content="text/html;charset=utf-8" />
  <meta name='ocr-system' content='tesseract 3.04.00' />
  <meta name='ocr-capabilities' content='ocr_page ocr_carea ocr_par ocr_line ocrx_word'/>
</head>
<body>
  <div class='ocr_page' id='page_1' title='image "./histoiredesrgne02amelgoog_0531.png"; bbox 0 0 3322 5172; ppageno 0'>
   <div class='ocr_carea' id='block_1_1' title="bbox 388 543 1294 614">
    <p class='ocr_par' dir='ltr' id='par_1_1' title="bbox 388 543 1294 614">
     <span class='ocr_line' id='line_1_1' title="bbox 388 543 1294 614; baseline -0.003 -10"><span class='ocrx_word' id='word_1_1' title='bbox 388 547 445 604; x_wconf 77' lang='grc'><strong>880</strong></span> <span class='ocrx_word' id='word_1_2' title='bbox 661 543 915 602; x_wconf 75' lang='lat' dir='ltr'><strong>nlstontnlttnt</strong></span> <span class='ocrx_word' id='word_1_3' title='bbox 934 543 1113 602; x_wconf 85' lang='lat' dir='ltr'><strong>LUDOVlCl</strong></span> <span class='ocrx_word' id='word_1_4' title='bbox 1132 545 1176 602; x_wconf 84' lang='lat' dir='ltr'><strong>XI</strong></span> <span class='ocrx_word' id='word_1_5' title='bbox 1289 607 1294 614; x_wconf 55' lang='grc'><em>,</em></span> 
     </span>
    </p>
   </div>
   <div class='ocr_carea' id='block_1_2' title="bbox 332 674 1451 4133">
    <p class='ocr_par' dir='ltr' id='par_1_2' title="bbox 332 674 1451 1815">
     <span class='ocr_line' id='line_1_2' title="bbox 385 674 1450 774; baseline -0.004 -22"><span class='ocrx_word' id='word_1_6' title='bbox 385 693 463 752; x_wconf 92' lang='lat' dir='ltr'><strong>ctus</strong></span> <span class='ocrx_word' id='word_1_7' title='bbox 485 679 598 751; x_wconf 87' lang='lat' dir='ltr'><strong>fuerat</strong></span> <span class='ocrx_word' id='word_1_8' title='bbox 619 674 839 768; x_wconf 90' lang='lat' dir='ltr'><strong>honoribus,</strong></span> <span class='ocrx_word' id='word_1_9' title='bbox 864 674 1074 748; x_wconf 85' lang='lat' dir='ltr'><strong>affinitatem</strong></span> <span class='ocrx_word' id='word_1_10' title='bbox 1094 677 1185 774; x_wconf 88' lang='lat' dir='ltr'><strong>regis</strong></span> <span class='ocrx_word' id='word_1_11' title='bbox 1206 689 1242 750; x_wconf 89' lang='lat' dir='ltr'><strong>et</strong></span> <span class='ocrx_word' id='word_1_12' title='bbox 1262 675 1450 748; x_wconf 89' lang='lat' dir='ltr'><strong>servitium</strong></span> 
     </span>
     <span class='ocr_line' id='line_1_3' title="bbox 386 791 1448 889; baseline 0 -25"><span class='ocrx_word' id='word_1_13' title='bbox 386 793 758 866; x_wconf 78' lang='lat' dir='ltr'><strong>formidolosissimum</strong></span> <span class='ocrx_word' id='word_1_14' title='bbox 789 791 975 889; x_wconf 81' lang='lat' dir='ltr'><strong>expetere?</strong></span> <span class='ocrx_word' id='word_1_15' title='bbox 1001 793 1168 865; x_wconf 89' lang='lat' dir='ltr'><strong>Potuerat</strong></span> <span class='ocrx_word' id='word_1_16' title='bbox 1192 792 1293 876; x_wconf 85' lang='lat' dir='ltr'><strong>satis,</strong></span> <span class='ocrx_word' id='word_1_17' title='bbox 1317 793 1345 863; x_wconf 92' lang='lat' dir='ltr'><strong>si</strong></span> <span class='ocrx_word' id='word_1_18' title='bbox 1369 817 1448 864; x_wconf 93' lang='lat' dir='ltr'><strong>non</strong></span> 
     </span>
     <span class='ocr_line' id='line_1_4' title="bbox 387 906 1450 1008; baseline -0.001 -27"><span class='ocrx_word' id='word_1_19' title='bbox 387 908 540 1008; x_wconf 89' lang='lat' dir='ltr'><strong>superba</strong></span> <span class='ocrx_word' id='word_1_20' title='bbox 557 909 704 982; x_wconf 83' lang='lat' dir='ltr'><strong>ambitio</strong></span> <span class='ocrx_word' id='word_1_21' title='bbox 722 923 828 1006; x_wconf 88' lang='lat' dir='ltr'><strong>atque</strong></span> <span class='ocrx_word' id='word_1_22' title='bbox 845 908 991 978; x_wconf 88' lang='lat' dir='ltr'><strong>avaritia</strong></span> <span class='ocrx_word' id='word_1_23' title='bbox 1014 907 1079 978; x_wconf 92' lang='lat' dir='ltr'><strong>sibi</strong></span> <span class='ocrx_word' id='word_1_24' title='bbox 1100 907 1266 980; x_wconf 80' lang='lat' dir='ltr'><strong>caecitaris</strong></span> <span class='ocrx_word' id='word_1_25' title='bbox 1281 906 1450 980; x_wconf 81' lang='lat' dir='ltr'><strong>tenebras</strong></span> 
     </span>
     <span class='ocr_line' id='line_1_5' title="bbox 386 1022 1450 1122; baseline -0.003 -25"><span class='ocrx_word' id='word_1_26' title='bbox 386 1025 636 1112; x_wconf 81' lang='lat' dir='ltr'><strong>obduxissent,</strong></span> <span class='ocrx_word' id='word_1_27' title='bbox 669 1022 789 1095; x_wconf 89' lang='lat' dir='ltr'><strong>multis</strong></span> <span class='ocrx_word' id='word_1_28' title='bbox 812 1036 847 1095; x_wconf 91' lang='lat' dir='ltr'><strong>et</strong></span> <span class='ocrx_word' id='word_1_29' title='bbox 872 1047 943 1095; x_wconf 81' lang='lat' dir='ltr'><strong>suae</strong></span> <span class='ocrx_word' id='word_1_30' title='bbox 962 1037 998 1094; x_wconf 88' lang='lat' dir='ltr'><strong>et</strong></span> <span class='ocrx_word' id='word_1_31' title='bbox 1018 1023 1276 1122; x_wconf 87' lang='lat' dir='ltr'><strong>praeteritarum</strong></span> <span class='ocrx_word' id='word_1_32' title='bbox 1304 1036 1450 1094; x_wconf 90' lang='lat' dir='ltr'><strong>aetatum</strong></span> 
     </span>
     <span class='ocr_line' id='line_1_6' title="bbox 332 1137 1450 1239; baseline -0.004 -27"><span class='ocrx_word' id='word_1_33' title='bbox 332 1157 343 1174; x_wconf 79' lang='grc'><em>·</em></span> <span class='ocrx_word' id='word_1_34' title='bbox 386 1141 636 1239; x_wconf 81' lang='lat' dir='ltr'><strong>experimentis</strong></span> <span class='ocrx_word' id='word_1_35' title='bbox 668 1140 861 1210; x_wconf 89' lang='lat' dir='ltr'><strong>instructus</strong></span> <span class='ocrx_word' id='word_1_36' title='bbox 889 1162 984 1231; x_wconf 87' lang='lat' dir='ltr'><strong>esse,</strong></span> <span class='ocrx_word' id='word_1_37' title='bbox 1019 1154 1197 1236; x_wconf 88' lang='lat' dir='ltr'><strong>quantum</strong></span> <span class='ocrx_word' id='word_1_38' title='bbox 1230 1137 1450 1210; x_wconf 84' lang='lat' dir='ltr'><strong>invidiarum</strong></span> 
     </span>
     <span class='ocr_line' id='line_1_7' title="bbox 386 1253 1448 1352; baseline -0.004 -24"><span class='ocrx_word' id='word_1_39' title='bbox 386 1256 607 1328; x_wconf 82' lang='lat' dir='ltr'><strong>contentioni</strong></span> <span class='ocrx_word' id='word_1_40' title='bbox 624 1279 666 1326; x_wconf 92' lang='lat' dir='ltr'><strong>ac</strong></span> <span class='ocrx_word' id='word_1_41' title='bbox 684 1253 952 1326; x_wconf 76' lang='lat' dir='ltr'><strong>aemulationum</strong></span> <span class='ocrx_word' id='word_1_42' title='bbox 981 1278 1056 1326; x_wconf 89' lang='lat' dir='ltr'><strong>sese</strong></span> <span class='ocrx_word' id='word_1_43' title='bbox 1076 1254 1235 1351; x_wconf 92' lang='lat' dir='ltr'><strong>injiciant</strong></span> <span class='ocrx_word' id='word_1_44' title='bbox 1260 1253 1448 1352; x_wconf 83' lang='lat' dir='ltr'><strong>periculis,</strong></span> 
     </span>
     <span class='ocr_line' id='line_1_8' title="bbox 386 1369 1451 1468; baseline -0.001 -28"><span class='ocrx_word' id='word_1_45' title='bbox 386 1372 448 1468; x_wconf 86' lang='lat' dir='ltr'><strong>qui</strong></span> <span class='ocrx_word' id='word_1_46' title='bbox 470 1372 562 1443; x_wconf 91' lang='lat' dir='ltr'><strong>circa</strong></span> <span class='ocrx_word' id='word_1_47' title='bbox 586 1394 685 1466; x_wconf 88' lang='lat' dir='ltr'><strong>reges</strong></span> <span class='ocrx_word' id='word_1_48' title='bbox 707 1383 743 1441; x_wconf 90' lang='lat' dir='ltr'><strong>et</strong></span> <span class='ocrx_word' id='word_1_49' title='bbox 766 1382 938 1466; x_wconf 88' lang='lat' dir='ltr'><strong>tyrannos</strong></span> <span class='ocrx_word' id='word_1_50' title='bbox 958 1370 1149 1466; x_wconf 91' lang='lat' dir='ltr'><strong>primarios</strong></span> <span class='ocrx_word' id='word_1_51' title='bbox 1170 1369 1328 1440; x_wconf 88' lang='lat' dir='ltr'><strong>bonores</strong></span> <span class='ocrx_word' id='word_1_52' title='bbox 1349 1393 1451 1466; x_wconf 80' lang='lat' dir='ltr'><strong>qute-</strong></span> 
     </span>
     <span class='ocr_line' id='line_1_9' title="bbox 386 1483 1450 1581; baseline -0.003 -23"><span class='ocrx_word' id='word_1_53' title='bbox 386 1501 486 1571; x_wconf 86' lang='lat' dir='ltr'><strong>runt‚</strong></span> <span class='ocrx_word' id='word_1_54' title='bbox 506 1499 541 1556; x_wconf 90' lang='lat' dir='ltr'><strong>et</strong></span> <span class='ocrx_word' id='word_1_55' title='bbox 559 1484 772 1581; x_wconf 84' lang='lat' dir='ltr'><strong>dignitatum</strong></span> <span class='ocrx_word' id='word_1_56' title='bbox 791 1483 921 1580; x_wconf 90' lang='lat' dir='ltr'><strong>gradus</strong></span> <span class='ocrx_word' id='word_1_57' title='bbox 940 1484 1085 1556; x_wconf 80' lang='lat' dir='ltr'><strong>altiores</strong></span> <span class='ocrx_word' id='word_1_58' title='bbox 1101 1483 1363 1569; x_wconf 63' lang='lat' dir='ltr'><strong>conscendere„</strong></span> <span class='ocrx_word' id='word_1_59' title='bbox 1378 1487 1450 1555; x_wconf 85' lang='lat' dir='ltr'><strong>Eo-</strong></span> 
     </span>
     <span class='ocr_line' id='line_1_10' title="bbox 386 1599 1449 1698; baseline 0.001 -26"><span class='ocrx_word' id='word_1_60' title='bbox 386 1625 466 1674; x_wconf 85' lang='lat' dir='ltr'><strong>rum</strong></span> <span class='ocrx_word' id='word_1_61' title='bbox 487 1599 748 1674; x_wconf 86' lang='lat' dir='ltr'><strong>miserabilibus</strong></span> <span class='ocrx_word' id='word_1_62' title='bbox 770 1599 911 1672; x_wconf 85' lang='lat' dir='ltr'><strong>casibus</strong></span> <span class='ocrx_word' id='word_1_63' title='bbox 931 1614 1040 1698; x_wconf 91' lang='lat' dir='ltr'><strong>atque</strong></span> <span class='ocrx_word' id='word_1_64' title='bbox 1062 1600 1267 1673; x_wconf 90' lang='lat' dir='ltr'><strong>infortuniis</strong></span> <span class='ocrx_word' id='word_1_65' title='bbox 1286 1614 1322 1672; x_wconf 89' lang='lat' dir='ltr'><strong>et</strong></span> <span class='ocrx_word' id='word_1_66' title='bbox 1350 1615 1449 1673; x_wconf 89' lang='lat' dir='ltr'><strong>vete·</strong></span> 
     </span>
     <span class='ocr_line' id='line_1_11' title="bbox 387 1716 1141 1815; baseline -0.003 -26"><span class='ocrx_word' id='word_1_67' title='bbox 387 1742 442 1790; x_wconf 91' lang='lat' dir='ltr'><strong>res</strong></span> <span class='ocrx_word' id='word_1_68' title='bbox 457 1731 493 1790; x_wconf 93' lang='lat' dir='ltr'><strong>et</strong></span> <span class='ocrx_word' id='word_1_69' title='bbox 508 1718 725 1790; x_wconf 84' lang='lat' dir='ltr'><strong>recentiores</strong></span> <span class='ocrx_word' id='word_1_70' title='bbox 741 1716 855 1815; x_wconf 88' lang='lat' dir='ltr'><strong>plenae</strong></span> <span class='ocrx_word' id='word_1_71' title='bbox 874 1730 959 1789; x_wconf 85' lang='lat' dir='ltr'><strong>sunt</strong></span> <span class='ocrx_word' id='word_1_72' title='bbox 973 1717 1141 1790; x_wconf 90' lang='lat' dir='ltr'><strong>historiae.</strong></span> 
     </span>
    </p>

    <p class='ocr_par' dir='ltr' id='par_1_3' title="bbox 384 1833 1450 4133">
     <span class='ocr_line' id='line_1_12' title="bbox 436 1833 1449 1931; baseline 0.002 -27"><span class='ocrx_word' id='word_1_73' title='bbox 436 1837 569 1905; x_wconf 92' lang='lat' dir='ltr'><strong>Verum</strong></span> <span class='ocrx_word' id='word_1_74' title='bbox 584 1833 677 1931; x_wconf 86' lang='lat' dir='ltr'><strong>ipse,</strong></span> <span class='ocrx_word' id='word_1_75' title='bbox 697 1833 760 1931; x_wconf 90' lang='lat' dir='ltr'><strong>qui</strong></span> <span class='ocrx_word' id='word_1_76' title='bbox 774 1833 850 1929; x_wconf 84' lang='lat' dir='ltr'><strong>jam</strong></span> <span class='ocrx_word' id='word_1_77' title='bbox 865 1833 948 1904; x_wconf 91' lang='lat' dir='ltr'><strong>satis</strong></span> <span class='ocrx_word' id='word_1_78' title='bbox 966 1833 1085 1930; x_wconf 87' lang='lat' dir='ltr'><strong>gratiae</strong></span> <span class='ocrx_word' id='word_1_79' title='bbox 1104 1848 1326 1926; x_wconf 86' lang='lat' dir='ltr'><strong>assecutum,</strong></span> <span class='ocrx_word' id='word_1_80' title='bbox 1348 1835 1449 1908; x_wconf 83' lang='lat' dir='ltr'><strong>etad</strong></span> 
     </span>
     <span class='ocr_line' id='line_1_13' title="bbox 387 1948 1450 2048; baseline -0.001 -26"><span class='ocrx_word' id='word_1_81' title='bbox 387 1973 567 2022; x_wconf 91' lang='lat' dir='ltr'><strong>summum</strong></span> <span class='ocrx_word' id='word_1_82' title='bbox 597 1975 711 2046; x_wconf 89' lang='lat' dir='ltr'><strong>usque</strong></span> <span class='ocrx_word' id='word_1_83' title='bbox 735 1949 857 2022; x_wconf 91' lang='lat' dir='ltr'><strong>locum</strong></span> <span class='ocrx_word' id='word_1_84' title='bbox 886 1949 985 2048; x_wconf 89' lang='lat' dir='ltr'><strong>apud</strong></span> <span class='ocrx_word' id='word_1_85' title='bbox 1016 1948 1314 2046; x_wconf 83' lang='lat' dir='ltr'><strong>Burgundionum</strong></span> <span class='ocrx_word' id='word_1_86' title='bbox 1342 1950 1450 2048; x_wconf 88' lang='lat' dir='ltr'><strong>prin-</strong></span> 
     </span>
     <span class='ocr_line' id='line_1_14' title="bbox 386 2062 1450 2162; baseline 0.001 -27"><span class='ocrx_word' id='word_1_87' title='bbox 386 2065 503 2162; x_wconf 90' lang='lat' dir='ltr'><strong>cipem</strong></span> <span class='ocrx_word' id='word_1_88' title='bbox 537 2089 575 2136; x_wconf 92' lang='lat' dir='ltr'><strong>se</strong></span> <span class='ocrx_word' id='word_1_89' title='bbox 604 2077 815 2160; x_wconf 88' lang='lat' dir='ltr'><strong>provectum</strong></span> <span class='ocrx_word' id='word_1_90' title='bbox 846 2063 1010 2157; x_wconf 86' lang='lat' dir='ltr'><strong>videbat,</strong></span> <span class='ocrx_word' id='word_1_91' title='bbox 1041 2062 1263 2135; x_wconf 83' lang='lat' dir='ltr'><strong>existimabat</strong></span> <span class='ocrx_word' id='word_1_92' title='bbox 1288 2088 1325 2136; x_wconf 91' lang='lat' dir='ltr'><strong>se</strong></span> <span class='ocrx_word' id='word_1_93' title='bbox 1355 2064 1450 2136; x_wconf 87' lang='lat' dir='ltr'><strong>inter</strong></span> 
     </span>
     <span class='ocr_line' id='line_1_15' title="bbox 386 2177 1449 2275; baseline 0 -25"><span class='ocrx_word' id='word_1_94' title='bbox 386 2194 576 2275; x_wconf 87' lang='lat' dir='ltr'><strong>utrosque,</strong></span> <span class='ocrx_word' id='word_1_95' title='bbox 599 2203 719 2275; x_wconf 83' lang='lat' dir='ltr'><strong>regem</strong></span> <span class='ocrx_word' id='word_1_96' title='bbox 744 2177 909 2252; x_wconf 88' lang='lat' dir='ltr'><strong>videlicet</strong></span> <span class='ocrx_word' id='word_1_97' title='bbox 930 2184 1151 2250; x_wconf 87' lang='lat' dir='ltr'><strong>Francorum</strong></span> <span class='ocrx_word' id='word_1_98' title='bbox 1177 2193 1212 2250; x_wconf 90' lang='lat' dir='ltr'><strong>et</strong></span> <span class='ocrx_word' id='word_1_99' title='bbox 1236 2178 1449 2275; x_wconf 88' lang='lat' dir='ltr'><strong>Burgundiae</strong></span> 
     </span>
     <span class='ocr_line' id='line_1_16' title="bbox 385 2291 1446 2391; baseline -0.001 -24"><span class='ocrx_word' id='word_1_100' title='bbox 385 2296 534 2384; x_wconf 84' lang='lat' dir='ltr'><strong>ducem,</strong></span> <span class='ocrx_word' id='word_1_101' title='bbox 561 2296 653 2368; x_wconf 91' lang='lat' dir='ltr'><strong>inter</strong></span> <span class='ocrx_word' id='word_1_102' title='bbox 677 2317 769 2391; x_wconf 92' lang='lat' dir='ltr'><strong>quos</strong></span> <span class='ocrx_word' id='word_1_103' title='bbox 793 2294 1021 2368; x_wconf 90' lang='lat' dir='ltr'><strong>acerbissima</strong></span> <span class='ocrx_word' id='word_1_104' title='bbox 1045 2293 1130 2366; x_wconf 88' lang='lat' dir='ltr'><strong>odia</strong></span> <span class='ocrx_word' id='word_1_105' title='bbox 1152 2307 1228 2365; x_wconf 92' lang='lat' dir='ltr'><strong>tum</strong></span> <span class='ocrx_word' id='word_1_106' title='bbox 1256 2291 1446 2389; x_wconf 87' lang='lat' dir='ltr'><strong>vigebant,</strong></span> 
     </span>
     <span class='ocr_line' id='line_1_17' title="bbox 386 2388 1448 2508; baseline -0.001 -28"><span class='ocrx_word' id='word_1_107' title='bbox 386 2409 481 2482; x_wconf 90' lang='lat' dir='ltr'><strong>velut</strong></span> <span class='ocrx_word' id='word_1_108' title='bbox 498 2388 703 2502; x_wconf 65' lang='lat' dir='ltr'><strong>arbitruml,</strong></span> <span class='ocrx_word' id='word_1_109' title='bbox 725 2423 803 2481; x_wconf 92' lang='lat' dir='ltr'><strong>tuto</strong></span> <span class='ocrx_word' id='word_1_110' title='bbox 822 2423 928 2508; x_wconf 87' lang='lat' dir='ltr'><strong>atque</strong></span> <span class='ocrx_word' id='word_1_111' title='bbox 945 2409 1123 2482; x_wconf 85' lang='lat' dir='ltr'><strong>inoffenso</strong></span> <span class='ocrx_word' id='word_1_112' title='bbox 1140 2407 1230 2482; x_wconf 87' lang='lat' dir='ltr'><strong>calle</strong></span> <span class='ocrx_word' id='word_1_113' title='bbox 1244 2433 1350 2506; x_wconf 89' lang='lat' dir='ltr'><strong>posse</strong></span> <span class='ocrx_word' id='word_1_114' title='bbox 1363 2410 1448 2482; x_wconf 88' lang='lat' dir='ltr'><strong>resi·</strong></span> 
     </span>
     <span class='ocr_line' id='line_1_18' title="bbox 386 2525 1448 2626; baseline 0 -28"><span class='ocrx_word' id='word_1_115' title='bbox 386 2526 473 2599; x_wconf 92' lang='lat' dir='ltr'><strong>dere</strong></span> <span class='ocrx_word' id='word_1_116' title='bbox 487 2539 523 2600; x_wconf 89' lang='lat' dir='ltr'><strong>et</strong></span> <span class='ocrx_word' id='word_1_117' title='bbox 537 2525 733 2600; x_wconf 87' lang='lat' dir='ltr'><strong>ambulare.</strong></span> <span class='ocrx_word' id='word_1_118' title='bbox 757 2526 956 2599; x_wconf 87' lang='lat' dir='ltr'><strong>Temerarie</strong></span> <span class='ocrx_word' id='word_1_119' title='bbox 972 2525 1134 2626; x_wconf 89' lang='lat' dir='ltr'><strong>profecto</strong></span> <span class='ocrx_word' id='word_1_120' title='bbox 1151 2538 1186 2598; x_wconf 90' lang='lat' dir='ltr'><strong>et</strong></span> <span class='ocrx_word' id='word_1_121' title='bbox 1201 2526 1308 2598; x_wconf 91' lang='lat' dir='ltr'><strong>nimis</strong></span> <span class='ocrx_word' id='word_1_122' title='bbox 1321 2527 1448 2598; x_wconf 88' lang='lat' dir='ltr'><strong>incon·</strong></span> 
     </span>
     <span class='ocr_line' id='line_1_19' title="bbox 386 2639 1448 2740; baseline 0 -26"><span class='ocrx_word' id='word_1_123' title='bbox 386 2639 493 2714; x_wconf 84' lang='lat' dir='ltr'><strong>sulte!</strong></span> <span class='ocrx_word' id='word_1_124' title='bbox 513 2645 602 2714; x_wconf 89' lang='lat' dir='ltr'><strong>Nam</strong></span> <span class='ocrx_word' id='word_1_125' title='bbox 616 2667 698 2714; x_wconf 86' lang='lat' dir='ltr'><strong>cum</strong></span> <span class='ocrx_word' id='word_1_126' title='bbox 717 2643 860 2740; x_wconf 88' lang='lat' dir='ltr'><strong>utrique</strong></span> <span class='ocrx_word' id='word_1_127' title='bbox 877 2644 1036 2740; x_wconf 87' lang='lat' dir='ltr'><strong>placere,</strong></span> <span class='ocrx_word' id='word_1_128' title='bbox 1058 2640 1239 2712; x_wconf 92' lang='lat' dir='ltr'><strong>lucrorum</strong></span> <span class='ocrx_word' id='word_1_129' title='bbox 1251 2641 1448 2740; x_wconf 87' lang='lat' dir='ltr'><strong>cupiditate</strong></span> 
     </span>
     <span class='ocr_line' id='line_1_20' title="bbox 386 2757 1448 2856; baseline 0.001 -26"><span class='ocrx_word' id='word_1_130' title='bbox 386 2758 479 2830; x_wconf 92' lang='lat' dir='ltr'><strong>ultro</strong></span> <span class='ocrx_word' id='word_1_131' title='bbox 494 2759 656 2856; x_wconf 87' lang='lat' dir='ltr'><strong>citroque</strong></span> <span class='ocrx_word' id='word_1_132' title='bbox 670 2758 821 2848; x_wconf 91' lang='lat' dir='ltr'><strong>illectus,</strong></span> <span class='ocrx_word' id='word_1_133' title='bbox 838 2772 1042 2850; x_wconf 88' lang='lat' dir='ltr'><strong>conaretur,</strong></span> <span class='ocrx_word' id='word_1_134' title='bbox 1062 2757 1228 2830; x_wconf 84' lang='lat' dir='ltr'><strong>ellectum</strong></span> <span class='ocrx_word' id='word_1_135' title='bbox 1242 2770 1346 2828; x_wconf 88' lang='lat' dir='ltr'><strong>estut</strong></span> <span class='ocrx_word' id='word_1_136' title='bbox 1361 2759 1448 2830; x_wconf 91' lang='lat' dir='ltr'><strong>utri·</strong></span> 
     </span>
     <span class='ocr_line' id='line_1_21' title="bbox 385 2872 1448 2973; baseline -0.001 -28"><span class='ocrx_word' id='word_1_137' title='bbox 385 2899 455 2972; x_wconf 90' lang='lat' dir='ltr'><strong>que</strong></span> <span class='ocrx_word' id='word_1_138' title='bbox 481 2874 683 2973; x_wconf 86' lang='lat' dir='ltr'><strong>displiceret</strong></span> <span class='ocrx_word' id='word_1_139' title='bbox 708 2888 743 2946; x_wconf 89' lang='lat' dir='ltr'><strong>et</strong></span> <span class='ocrx_word' id='word_1_140' title='bbox 761 2876 947 2972; x_wconf 89' lang='lat' dir='ltr'><strong>utriusque</strong></span> <span class='ocrx_word' id='word_1_141' title='bbox 969 2872 1092 2946; x_wconf 92' lang='lat' dir='ltr'><strong>odium</strong></span> <span class='ocrx_word' id='word_1_142' title='bbox 1115 2888 1223 2971; x_wconf 88' lang='lat' dir='ltr'><strong>atque</strong></span> <span class='ocrx_word' id='word_1_143' title='bbox 1246 2873 1448 2946; x_wconf 88' lang='lat' dir='ltr'><strong>inimicitias</strong></span> 
     </span>
     <span class='ocr_line' id='line_1_22' title="bbox 386 2987 1447 3088; baseline 0 -26"><span class='ocrx_word' id='word_1_144' title='bbox 386 2991 627 3088; x_wconf 88' lang='lat' dir='ltr'><strong>conquireret.</strong></span> <span class='ocrx_word' id='word_1_145' title='bbox 651 2992 791 3063; x_wconf 88' lang='lat' dir='ltr'><strong>Putavit</strong></span> <span class='ocrx_word' id='word_1_146' title='bbox 812 3016 849 3062; x_wconf 90' lang='lat' dir='ltr'><strong>se</strong></span> <span class='ocrx_word' id='word_1_147' title='bbox 866 2989 985 3062; x_wconf 84' lang='lat' dir='ltr'><strong>forsan</strong></span> <span class='ocrx_word' id='word_1_148' title='bbox 1006 2989 1148 3087; x_wconf 89' lang='lat' dir='ltr'><strong>utrique</strong></span> <span class='ocrx_word' id='word_1_149' title='bbox 1168 2987 1319 3062; x_wconf 90' lang='lat' dir='ltr'><strong>domino</strong></span> <span class='ocrx_word' id='word_1_150' title='bbox 1341 3013 1447 3088; x_wconf 89' lang='lat' dir='ltr'><strong>posse</strong></span> 
     </span>
     <span class='ocr_line' id='line_1_23' title="bbox 385 3103 1446 3204; baseline 0 -28"><span class='ocrx_word' id='word_1_151' title='bbox 385 3107 517 3178; x_wconf 89' lang='lat' dir='ltr'><strong>servire</strong></span> <span class='ocrx_word' id='word_1_152' title='bbox 546 3119 581 3177; x_wconf 90' lang='lat' dir='ltr'><strong>et</strong></span> <span class='ocrx_word' id='word_1_153' title='bbox 612 3130 699 3204; x_wconf 94' lang='lat' dir='ltr'><strong>opes</strong></span> <span class='ocrx_word' id='word_1_154' title='bbox 728 3129 828 3195; x_wconf 90' lang='lat' dir='ltr'><strong>suas,</strong></span> <span class='ocrx_word' id='word_1_155' title='bbox 857 3130 940 3177; x_wconf 93' lang='lat' dir='ltr'><strong>cum</strong></span> <span class='ocrx_word' id='word_1_156' title='bbox 965 3120 1120 3202; x_wconf 92' lang='lat' dir='ltr'><strong>utroque</strong></span> <span class='ocrx_word' id='word_1_157' title='bbox 1146 3122 1275 3204; x_wconf 87' lang='lat' dir='ltr'><strong>parum</strong></span> <span class='ocrx_word' id='word_1_158' title='bbox 1305 3129 1346 3176; x_wconf 86' lang='lat' dir='ltr'><strong>cx</strong></span> <span class='ocrx_word' id='word_1_159' title='bbox 1374 3103 1446 3176; x_wconf 85' lang='lat' dir='ltr'><strong>fide</strong></span> 
     </span>
     <span class='ocr_line' id='line_1_24' title="bbox 386 3219 1446 3319; baseline -0.002 -25"><span class='ocrx_word' id='word_1_160' title='bbox 386 3221 547 3317; x_wconf 85' lang='lat' dir='ltr'><strong>agendo,</strong></span> <span class='ocrx_word' id='word_1_161' title='bbox 573 3220 755 3294; x_wconf 89' lang='lat' dir='ltr'><strong>cumulare</strong></span> <span class='ocrx_word' id='word_1_162' title='bbox 779 3234 814 3292; x_wconf 91' lang='lat' dir='ltr'><strong>et</strong></span> <span class='ocrx_word' id='word_1_163' title='bbox 836 3244 984 3318; x_wconf 88' lang='lat' dir='ltr'><strong>augere;</strong></span> <span class='ocrx_word' id='word_1_164' title='bbox 1011 3221 1196 3293; x_wconf 79' lang='lat' dir='ltr'><strong>sedanam</strong></span> <span class='ocrx_word' id='word_1_165' title='bbox 1219 3219 1446 3319; x_wconf 88' lang='lat' dir='ltr'><strong>prudentiam</strong></span> 
     </span>
     <span class='ocr_line' id='line_1_25' title="bbox 386 3319 1448 3436; baseline -0.001 -26"><span class='ocrx_word' id='word_1_166' title='bbox 386 3362 427 3410; x_wconf 89' lang='lat' dir='ltr'><strong>ac</strong></span> <span class='ocrx_word' id='word_1_167' title='bbox 446 3319 656 3436; x_wconf 84' lang='lat' dir='ltr'><strong>sapientiam</strong></span> <span class='ocrx_word' id='word_1_168' title='bbox 673 3336 789 3408; x_wconf 88' lang='lat' dir='ltr'><strong>carnis</strong></span> <span class='ocrx_word' id='word_1_169' title='bbox 808 3337 950 3409; x_wconf 87' lang='lat' dir='ltr'><strong>stultam</strong></span> <span class='ocrx_word' id='word_1_170' title='bbox 966 3337 1122 3409; x_wconf 91' lang='lat' dir='ltr'><strong>ostendit</strong></span> <span class='ocrx_word' id='word_1_171' title='bbox 1139 3338 1309 3436; x_wconf 88' lang='lat' dir='ltr'><strong>sapientia</strong></span> <span class='ocrx_word' id='word_1_172' title='bbox 1327 3338 1448 3410; x_wconf 88' lang='lat' dir='ltr'><strong>Salva·</strong></span> 
     </span>
     <span class='ocr_line' id='line_1_26' title="bbox 386 3451 1446 3551; baseline -0.001 -28"><span class='ocrx_word' id='word_1_173' title='bbox 386 3452 487 3523; x_wconf 86' lang='lat' dir='ltr'><strong>toris.</strong></span> <span class='ocrx_word' id='word_1_174' title='bbox 506 3455 619 3523; x_wconf 90' lang='lat' dir='ltr'><strong>Nemo</strong></span> <span class='ocrx_word' id='word_1_175' title='bbox 636 3451 747 3544; x_wconf 88' lang='lat' dir='ltr'><strong>enim,</strong></span> <span class='ocrx_word' id='word_1_176' title='bbox 767 3465 806 3524; x_wconf 92' lang='lat' dir='ltr'><strong>ut</strong></span> <span class='ocrx_word' id='word_1_177' title='bbox 823 3452 889 3544; x_wconf 86' lang='lat' dir='ltr'><strong>ait,</strong></span> <span class='ocrx_word' id='word_1_178' title='bbox 905 3465 1029 3551; x_wconf 83' lang='lat' dir='ltr'><strong>potest·</strong></span> <span class='ocrx_word' id='word_1_179' title='bbox 1043 3451 1188 3524; x_wconf 90' lang='lat' dir='ltr'><strong>duobus</strong></span> <span class='ocrx_word' id='word_1_180' title='bbox 1203 3452 1359 3525; x_wconf 92' lang='lat' dir='ltr'><strong>dominis</strong></span> <span class='ocrx_word' id='word_1_181' title='bbox 1372 3476 1446 3524; x_wconf 89' lang='lat' dir='ltr'><strong>ser·</strong></span> 
     </span>
     <span class='ocr_line' id='line_1_27' title="bbox 387 3566 1445 3664; baseline 0.003 -27"><span class='ocrx_word' id='word_1_182' title='bbox 387 3568 479 3656; x_wconf 88' lang='lat' dir='ltr'><strong>vire,</strong></span> <span class='ocrx_word' id='word_1_183' title='bbox 500 3567 693 3664; x_wconf 73' lang='lat' dir='ltr'><strong>presertim</strong></span> <span class='ocrx_word' id='word_1_184' title='bbox 716 3566 845 3664; x_wconf 88' lang='lat' dir='ltr'><strong>quibus</strong></span> <span class='ocrx_word' id='word_1_185' title='bbox 864 3570 974 3640; x_wconf 88' lang='lat' dir='ltr'><strong>animi</strong></span> <span class='ocrx_word' id='word_1_186' title='bbox 992 3568 1130 3640; x_wconf 85' lang='lat' dir='ltr'><strong>adversi</strong></span> <span class='ocrx_word' id='word_1_187' title='bbox 1148 3584 1184 3641; x_wconf 87' lang='lat' dir='ltr'><strong>et</strong></span> <span class='ocrx_word' id='word_1_188' title='bbox 1199 3593 1220 3640; x_wconf 89' lang='lat' dir='ltr'><strong>a</strong></span> <span class='ocrx_word' id='word_1_189' title='bbox 1237 3593 1274 3641; x_wconf 90' lang='lat' dir='ltr'><strong>se</strong></span> <span class='ocrx_word' id='word_1_190' title='bbox 1290 3569 1445 3642; x_wconf 88' lang='lat' dir='ltr'><strong>invicem</strong></span> 
     </span>
     <span class='ocr_line' id='line_1_28' title="bbox 386 3683 1443 3778; baseline 0.001 -23"><span class='ocrx_word' id='word_1_191' title='bbox 386 3698 458 3756; x_wconf 87' lang='lat' dir='ltr'><strong>tam</strong></span> <span class='ocrx_word' id='word_1_192' title='bbox 487 3683 718 3778; x_wconf 89' lang='lat' dir='ltr'><strong>dissidentes,</strong></span> <span class='ocrx_word' id='word_1_193' title='bbox 749 3701 819 3758; x_wconf 90' lang='lat' dir='ltr'><strong>tam</strong></span> <span class='ocrx_word' id='word_1_194' title='bbox 850 3686 1060 3758; x_wconf 89' lang='lat' dir='ltr'><strong>discordiosi</strong></span> <span class='ocrx_word' id='word_1_195' title='bbox 1083 3702 1128 3758; x_wconf 83' lang='lat' dir='ltr'><strong>et</strong></span> <span class='ocrx_word' id='word_1_196' title='bbox 1154 3687 1288 3759; x_wconf 91' lang='lat' dir='ltr'><strong>inimici</strong></span> <span class='ocrx_word' id='word_1_197' title='bbox 1313 3701 1443 3760; x_wconf 86' lang='lat' dir='ltr'><strong>essent.</strong></span> 
     </span>
     <span class='ocr_line' id='line_1_29' title="bbox 384 3801 1446 3894; baseline 0.001 -22"><span class='ocrx_word' id='word_1_198' title='bbox 384 3805 535 3872; x_wconf 88' lang='lat' dir='ltr'><strong>Tantum</strong></span> <span class='ocrx_word' id='word_1_199' title='bbox 549 3801 643 3872; x_wconf 89' lang='lat' dir='ltr'><strong>enim</strong></span> <span class='ocrx_word' id='word_1_200' title='bbox 659 3803 751 3874; x_wconf 89' lang='lat' dir='ltr'><strong>inter</strong></span> <span class='ocrx_word' id='word_1_201' title='bbox 769 3829 807 3876; x_wconf 91' lang='lat' dir='ltr'><strong>se</strong></span> <span class='ocrx_word' id='word_1_202' title='bbox 819 3803 893 3875; x_wconf 94' lang='lat' dir='ltr'><strong>odii</strong></span> <span class='ocrx_word' id='word_1_203' title='bbox 908 3817 942 3874; x_wconf 89' lang='lat' dir='ltr'><strong>et</strong></span> <span class='ocrx_word' id='word_1_204' title='bbox 958 3803 1149 3894; x_wconf 76' lang='lat' dir='ltr'><strong>inimicitiae</strong></span> <span class='ocrx_word' id='word_1_205' title='bbox 1163 3802 1336 3876; x_wconf 88' lang='lat' dir='ltr'><strong>acerbitas</strong></span> <span class='ocrx_word' id='word_1_206' title='bbox 1353 3801 1446 3874; x_wconf 89' lang='lat' dir='ltr'><strong>difli-</strong></span> 
     </span>
     <span class='ocr_line' id='line_1_30' title="bbox 386 3917 1445 4017; baseline -0.001 -28"><span class='ocrx_word' id='word_1_207' title='bbox 386 3917 514 3989; x_wconf 87' lang='lat' dir='ltr'><strong>dentiae</strong></span> <span class='ocrx_word' id='word_1_208' title='bbox 540 3917 729 4008; x_wconf 89' lang='lat' dir='ltr'><strong>inseverat,</strong></span> <span class='ocrx_word' id='word_1_209' title='bbox 756 3934 796 3990; x_wconf 90' lang='lat' dir='ltr'><strong>ut</strong></span> <span class='ocrx_word' id='word_1_210' title='bbox 819 3918 996 4017; x_wconf 92' lang='lat' dir='ltr'><strong>quidquid</strong></span> <span class='ocrx_word' id='word_1_211' title='bbox 1018 3920 1055 3991; x_wconf 92' lang='lat' dir='ltr'><strong>in</strong></span> <span class='ocrx_word' id='word_1_212' title='bbox 1074 3920 1277 3992; x_wconf 88' lang='lat' dir='ltr'><strong>alterutrius</strong></span> <span class='ocrx_word' id='word_1_213' title='bbox 1296 3919 1445 4015; x_wconf 85' lang='lat' dir='ltr'><strong>gratiam</strong></span> 
     </span>
     <span class='ocr_line' id='line_1_31' title="bbox 387 4032 1444 4133; baseline -0.002 -28"><span class='ocrx_word' id='word_1_214' title='bbox 387 4032 527 4105; x_wconf 79' lang='lat' dir='ltr'><strong>allicere</strong></span> <span class='ocrx_word' id='word_1_215' title='bbox 545 4047 607 4105; x_wconf 88' lang='lat' dir='ltr'><strong>aut</strong></span> <span class='ocrx_word' id='word_1_216' title='bbox 622 4033 742 4106; x_wconf 90' lang='lat' dir='ltr'><strong>dicere</strong></span> <span class='ocrx_word' id='word_1_217' title='bbox 758 4035 946 4133; x_wconf 85' lang='lat' dir='ltr'><strong>potuisset,</strong></span> <span class='ocrx_word' id='word_1_218' title='bbox 965 4033 1036 4106; x_wconf 92' lang='lat' dir='ltr'><strong>boc</strong></span> <span class='ocrx_word' id='word_1_219' title='bbox 1052 4034 1149 4106; x_wconf 78' lang='lat' dir='ltr'><strong>velut</strong></span> <span class='ocrx_word' id='word_1_220' title='bbox 1166 4033 1283 4107; x_wconf 88' lang='lat' dir='ltr'><strong>adsui</strong></span> <span class='ocrx_word' id='word_1_221' title='bbox 1299 4035 1444 4105; x_wconf 82' lang='lat' dir='ltr'><strong>exitium</strong></span> 
     </span>
    </p>
   </div>
   <div class='ocr_carea' id='block_1_3' title="bbox 426 4257 783 4320">
    <p class='ocr_par' dir='ltr' id='par_1_4' title="bbox 426 4257 783 4320">
     <span class='ocr_line' id='line_1_32' title="bbox 426 4257 783 4320; baseline 0.017 -6"><span class='ocrx_word' id='word_1_222' title='bbox 426 4261 454 4314; x_wconf 84' lang='lat' dir='ltr'><strong>l.</strong></span> <span class='ocrx_word' id='word_1_223' title='bbox 479 4257 595 4315; x_wconf 74' lang='lat' dir='ltr'><strong>Arbiter</strong></span> <span class='ocrx_word' id='word_1_224' title='bbox 606 4257 717 4318; x_wconf 85' lang='lat' dir='ltr'><strong>dansle</strong></span> <span class='ocrx_word' id='word_1_225' title='bbox 729 4277 783 4320; x_wconf 85' lang='lat' dir='ltr'><strong>ms.</strong></span> 
     </span>
    </p>
   </div>
   <div class='ocr_carea' id='block_1_4' title="bbox 0 0 1666 5172">
    <p class='ocr_par' dir='ltr' id='par_1_5' title="bbox 0 0 1666 5172">
     <span class='ocr_line' id='line_1_33' title="bbox 0 0 1666 5172; baseline 0 0"><span class='ocrx_word' id='word_1_226' title='bbox 0 0 1666 5172; x_wconf 95' lang='lat' dir='ltr'><strong> </strong></span> 
     </span>
    </p>
   </div>
  </div>
 </body>
</html>
