3384 5184
595 535 706 593 mem
725 535 927 594 sucuuuus.
1235 539 1300 614 rac
1322 606 1326 615 ,

235 676 314 748 talis
328 669 486 773 provisio
502 665 650 741 cuilibet
661 668 747 762 ,vel
767 669 922 742 tenuiter
942 670 1112 769 sapienti,
1130 671 1293 746 inefficax

234 805 341 888 atque
357 785 647 884 inutilisprorsus
662 784 826 858 facillime
839 784 952 858 videri
967 800 1125 885 poterat,
1142 789 1293 888 imperio

232 929 280 979 ao
291 915 467 1005 potestate
483 902 520 974 in
536 900 630 972 illius
643 926 752 973 manu
768 916 1020 1000 permanente,
1036 903 1099 1002 qui
1116 905 1238 978 omnia
1250 931 1293 980 ex
1354 923 1363 941 ·

230 1047 297 1096 suo
315 1020 473 1123 pendere
490 1018 633 1092 volebat
650 1019 822 1110 arbitrio,
843 1019 1004 1117 nihilque
1025 1022 1179 1122 amplius
1198 1048 1294 1097 exse·
1329 1105 1334 1114 ,

231 1138 398 1214 orabatur
425 1134 482 1216 vel
508 1159 659 1208 exosum
685 1133 841 1208 habebat
873 1160 983 1234 quam
1019 1137 1118 1235 quod
1145 1137 1205 1210 illa
1229 1163 1293 1212 sua

141 1317 144 1322 ,
232 1279 372 1328 summa
392 1265 551 1353 potestas¹
575 1251 753 1351 aliquibus
777 1252 898 1350 legum
926 1253 982 1325 vel
999 1252 1142 1350 justitiae
1166 1254 1294 1328 mode-

231 1385 369 1444 raretur
385 1367 494 1441 irenis
511 1395 520 1439 ε
537 1367 660 1442 similis
681 1368 842 1467 prolecto
859 1369 925 1440 illis
946 1369 1127 1468 spiritibus
1143 1371 1291 1468 refugis,

232 1488 314 1585 qui,
333 1483 494 1582 neglecta
515 1475 670 1583 justitia,
694 1482 803 1556 solius
829 1483 968 1557 fervent
984 1484 1204 1585 llagrantque
1220 1512 1294 1562 am·

232 1600 371 1675 bitione
386 1601 584 1702 potestatis.

282 1722 430 1817 Propter
445 1715 564 1814 quod,
583 1730 623 1789 ut
640 1739 749 1815 supra
764 1715 961 1812 tetigimus,
982 1717 1213 1818 quamplures
1229 1721 1293 1794 bu·

228 1833 389 1931 jusmodi
406 1833 612 1933 principum
628 1831 935 1929 conjurationem,
955 1849 990 1906 et
1010 1833 1056 1906 ab
1077 1836 1178 1908 initio
1200 1852 1235 1910 et
1249 1863 1292 1911 ex

231 1964 314 2049 post
340 1947 452 2042 lacto,
473 1947 636 2036 detestati
650 1972 795 2046 semper
806 1963 843 2020 et
859 1949 1056 2024 abominati
1074 1950 1229 2047 luerrmt,
1249 1979 1293 2027 ex

233 2079 364 2139 eventu
400 2064 518 2138 solum
551 2064 705 2138 et‘exitu
726 2089 847 2148 rerum
875 2065 1120 2140 humanorum
1135 2082 1292 2156 actuum

229 2181 428 2260 bonitatem
440 2181 498 2254 vel
510 2180 681 2254 malitiam
697 2180 896 2253 metientes.
914 2185 967 2252 De
979 2208 1053 2280 quo
1071 2186 1155 2258 satis
1167 2212 1287 2286 supra,

230 2309 405 2396 quantum
421 2295 522 2368 locus
537 2298 612 2396 ipse
628 2319 777 2394 poscere
789 2294 992 2388 videbatur,
1009 2322 1029 2369 a
1046 2298 1152 2372 nobis
1168 2301 1292 2375 disser-

231 2427 309 2486 tum
325 2427 396 2505 est,
416 2413 498 2510 qui,
517 2413 661 2509 qualern
684 2413 836 2509 quisque
853 2413 1095 2486 intentionem
1107 2415 1210 2488 initio
1228 2418 1291 2491 ba·

230 2527 347 2624 beret,
366 2527 412 2601 ad
429 2541 567 2601 certum
579 2527 740 2625 judicare
755 2552 831 2600 non
857 2553 1060 2626 possumus.
1084 2535 1127 2603 Et
1147 2531 1291 2607 difficile

230 2644 427 2745 plurimum
457 2659 549 2716 esset
577 2645 683 2742 quin,
706 2645 744 2714 iu
772 2657 872 2716 tanta
896 2646 1143 2738 multitudine,
1169 2648 1290 2746 plures

165 2857 169 2864 Ι
229 2760 349 2859 potius
364 2785 428 2842 sua
444 2761 581 2861 privata
594 2757 805 2846 commoda,
824 2784 934 2857 quam
954 2760 1108 2835 fructum
1123 2765 1292 2840 reforma·

230 2876 338 2948 tionis
362 2876 565 2976 reipublicae
587 2892 623 2948 et
638 2874 727 2948 boni
745 2874 879 2975 publici
896 2876 1082 2951 utilitatem
1096 2884 1290 2954 consectati

231 2990 482 3083 fuissentpsed
506 2995 613 3065 etiam
638 3017 712 3064 uon
732 2992 825 3065 adeo
847 2994 979 3066 malam
997 2993 1043 3066 de
1063 2995 1203 3088 multis,
1227 2999 1290 3096 qui

231 3105 398 3182 intereos
412 3123 532 3203 erant,
546 3108 816 3183 aestimationem
827 3109 922 3205 juste
938 3108 1071 3182 habere
1084 3135 1287 3210 possemus,

229 3235 270 3293 ut
279 3246 406 3296 omnes
418 3224 611 3315 duntaxat,
631 3248 710 3319 quae
728 3247 794 3298 sua
812 3243 896 3299 sunt
910 3281 920 3316 ,
936 3226 1162 3324 quaesivisse,
1182 3227 1290 3300 nihil-

230 3363 302 3437 que
317 3339 363 3415 de
378 3341 479 3415 bono
496 3341 643 3441 publico
662 3366 823 3436 curasse,
841 3342 1069 3418 damnemus.

279 3461 370 3532 Cum
387 3461 506 3559 itaque
523 3459 568 3532 de
589 3457 798 3564 hujusmodi
820 3474 972 3533 tractatu
990 3477 1026 3535 et
1043 3460 1290 3561 pacificatione

230 3573 322 3646 facta
340 3599 437 3649 anno
454 3575 600 3647 Domini
624 3573 812 3654 millesimo
831 3575 1181 3674 quadringentesimo
1196 3602 1291 3652 sexa·

231 3689 367 3786 gesimo
390 3691 539 3788 quinto,
569 3713 692 3762 mense
717 3689 928 3789 novembri,
953 3693 1051 3792 apud
1076 3693 1198 3768 villam
1227 3719 1289 3768 seu

229 3817 386 3876 castrum
413 3804 478 3878 ubi
508 3807 654 3879 suntin
682 3831 796 3878 unum
817 3806 1039 3901 confluentes
1062 3813 1228 3909 Sequana
1254 3824 1290 3882 et

229 3924 360 4014 lsara¹,
391 3919 465 3995 dux
491 3923 683 4016 borbonii,
718 3921 781 4020 qui
806 3934 893 3995 tunc
922 3923 1041 3998 adhuc
1070 3925 1288 4018 -Rothomagi

269 4101 296 4159 t.
321 4095 456 4178 Corrigep
477 4099 623 4156 Matrona.
646 4095 808 4177 Singulidre
827 4116 940 4172 erreur,
959 4100 1009 4178 qui
1027 4120 1139 4182 prouve
1156 4075 1302 4160 combien

229 4205 287 4265 peu
299 4187 425 4247 l’auteur
436 4186 610 4246 connaissait
622 4186 664 4245 les
677 4185 814 4246 environs
827 4185 864 4247 de
877 4189 966 4251 Paris.
981 4193 1023 4250 La
1038 4189 1206 4269 pe'riphrase
1219 4187 1290 4248 dont

231 4274 252 4334 il
262 4295 293 4336 se
303 4289 415 4338 sertest
425 4297 501 4358 pour
513 4276 647 4356 designer
660 4277 687 4334 le
699 4275 819 4336 chateau
835 4277 872 4340 de
881 4281 1030 4356 conflans;
1047 4281 1117 4340 mais
1131 4300 1169 4340 au
1183 4280 1242 4340 lieu
1251 4279 1288 4340 de
