3402 5186
364 517 400 573 rr
632 511 887 571 msromaauu
912 511 1089 570 cunonu
1109 513 1152 569 xi
1256 591 1260 594 ,

364 638 607 731 Mamorerist,
625 665 739 738 prope
754 640 1168 738 Sanctum-Dionysium,
1186 642 1262 740 qui,
1281 646 1425 741 quantis

363 772 529 858 potuerat
544 755 696 847 viribus,
715 755 885 830 eumdem
905 755 1105 828 honorifice
1126 771 1161 829 et
1178 757 1368 857 splendide
1385 762 1423 832 in

364 897 427 946 sua
452 871 563 944 domo
590 886 777 970 exceperat
804 885 841 943 et
862 884 1135 969 procuraverat,
1160 888 1196 946 et
1217 899 1283 973 per
1308 877 1425 973 sylvas

364 1004 470 1086 atque
483 987 815 1086 saltuspatrimonii
828 986 896 1077 sui,
912 986 1004 1080 ,dum
1020 987 1092 1060 illic
1107 1005 1311 1081 venaretur,
1326 1015 1426 1064 asso·

364 1107 536 1196 elevarat,
564 1106 832 1177 exsecutionem
854 1103 1062 1199 hujusmodi
1084 1105 1340 1179 mandatorum
1368 1108 1425 1180 in·

363 1221 487 1294 choari
498 1245 622 1294 coram
634 1245 672 1292 sc
684 1234 720 1292 et
732 1218 878 1319 praelato
890 1218 1056 1312 domino,
1072 1245 1138 1292 suo
1153 1219 1308 1322 hospite,
1327 1224 1421 1297 fecit.

363 1341 511 1412 Facient
532 1338 628 1410 enim
654 1338 692 1408 in
714 1361 827 1408 unum
849 1335 997 1430 congeri
1018 1351 1055 1406 et
1077 1339 1281 1410 coacervari
1302 1339 1423 1431 funes,

363 1455 512 1552 laqueos
533 1467 569 1525 et
593 1453 680 1525 retia
706 1465 813 1548 atque
835 1449 970 1550 plagas,
995 1475 1089 1548 quos
1113 1451 1212 1526 idem
1235 1453 1423 1548 dominus,

364 1573 427 1669 qui
451 1571 561 1644 saltus
587 1585 623 1642 et
645 1569 760 1667 sylvas
787 1566 1045 1666 pulcherrimas
1072 1566 1198 1662 habet,
1229 1570 1266 1641 in
1294 1570 1426 1667 quibus

365 1711 493 1785 magua
505 1711 589 1786 pars
602 1711 729 1759 census
741 1699 778 1757 et
793 1683 1000 1783 patrimonii
1013 1684 1068 1756 sui
1080 1686 1253 1774 consistit,
1270 1687 1308 1758 in
1322 1689 1427 1786 copia

364 1804 500 1902 ingenti
513 1801 684 1893 habebat,
695 1801 818 1872 omnia
828 1798 934 1872 simul
948 1799 1101 1873 flammis
1116 1815 1152 1873 et
1164 1801 1247 1897 igne
1260 1802 1426 1876 comburi

365 1917 460 1992 fecit.
483 1922 527 1990 Et
545 1941 631 1990 enm
649 1915 800 2014 quidam
820 1939 863 1986 ex
880 1913 1108 2012 parochianis
1133 1916 1223 2009 loci,
1238 1916 1294 1992 'ad
1321 1945 1426 2010 usum

365 2033 533 2134 pulsandi
553 2055 766 2131 campanam
793 2029 951 2104 ecclesiae
978 2054 1068 2124 suae,
1090 2030 1212 2106 lunem
1239 2057 1355 2106 unum
1381 2034 1427 2108 ad

365 2150 436 2224 hoc
461 2147 636 2220 idoneum
659 2145 729 2218 sibi
759 2145 888 2218 donari
918 2147 1124 2244 petiissent,
1156 2174 1230 2220 non
1258 2151 1427 2223 suerunt·

366 2262 522 2338 exauditi
532 2265 554 2335 ⁸.
578 2263 738 2335 Similem
757 2287 843 2334 vero
861 2263 1126 2336 exsecutionem
1140 2264 1294 2340 ballivus
1315 2267 1427 2339 Silva·

366 2380 542 2462 nectentis
565 2379 604 2454 in
629 2377 741 2454 domo
764 2377 911 2452 baronis
934 2378 980 2450 de
1000 2382 1233 2478 Aussemont⁸
1249 2380 1350 2473 lecit,
1376 2406 1424 2454 ne

366 2495 412 2569 de
428 2509 638 2595 contemptu
656 2496 713 2568 vel
729 2495 943 2593 negligentia
960 2496 1173 2592 arguendus·
1183 2499 1335 2570 veniret.

413 2611 533 2684 Talem
544 2613 660 2684 vicem
671 2636 737 2684 suo
750 2610 882 2683 devoto
894 2610 1029 2709 hospiti
1040 2627 1077 2683 et
1086 2613 1235 2709 gratiam
1247 2613 1428 2687 humanus

366 2752 426 2802 rex
438 2729 575 2817 retulit,
592 2753 669 2802 non
682 2728 815 2800 veritus
828 2727 895 2799 sub
910 2726 972 2804 tali
985 2751 1149 2822 censura,
1164 2728 1430 2804 confiscationis

365 2843 498 2916 scilicet
513 2845 676 2944 corporis
691 2839 943 2931 othonorum,
961 2843 1037 2916 sine
1058 2842 1132 2916 ullo
1152 2843 1295 2919 delectu
1313 2869 1356 2919 ac
1373 2871 1429 2919 re·

365 2961 524 3032 verentia
542 2959 655 3033 divini
676 2956 792 3030 cultus
813 2971 875 3028 aut
895 2958 1092 3056 religionis,
1116 2961 1305 3062 pontifices
1322 2987 1429 3061 gene·

365 3075 557 3171 raliterque
574 3099 700 3148 omnes
722 3097 908 3147 sacrorum
924 3075 1109 3150 ministros
1133 3076 1370 3170 concludere,
1391 3080 1427 3152 in

366 3214 521 3289 quorum
547 3203 667 3261 tamen
685 3211 858 3288 personas
874 3205 937 3262 aut
952 3189 1102 3263 mobilia
1124 3191 1260 3266 nullam
1281 3217 1429 3293 prorsus

365 3305 475 3379 habet
491 3303 790 3404 jurisdictionem.

415 3421 558 3509 Quanta
579 3433 700 3492 autem
715 3419 853 3518 justitia
870 3434 978 3518 atque
995 3423 1161 3520 aequitate
1178 3421 1430 3520 hujuscemodi

367 3537 527 3612 edictum
545 3536 675 3610 fultum
695 3537 837 3610 exsistat
853 3538 1100 3637 unusquisque
1115 3537 1218 3611 lacile
1232 3538 1431 3636 dijudicare

409 3734 438 3789 1.
461 3724 486 3786 11
501 3723 652 3804 s’appelait
663 3727 746 3784 Jean.

406 3821 438 3883 Ξ.
459 3822 583 3878 Fuerant
596 3815 668 3875 dans
685 3815 712 3874 le
726 3833 780 3874 ms.

408 3911 438 3970 3.
460 3910 539 3967 Cette
553 3904 692 3966 anecdota
705 3924 723 3964 a
736 3905 781 3963 ete
791 3921 905 3964 connue
920 3902 957 3963 de
970 3901 1136 3977 Duchesne,
1150 3903 1202 3982 qui
1215 3923 1252 3964 en
1265 3904 1431 3964 aintercale

367 4000 395 4058 le
409 3997 481 4057 tecit
500 3996 574 4058 dans
595 4014 640 4055 ses
655 4001 778 4074 pretlves
796 3997 813 4052 a
833 3993 980 4054 l’Histoire
1001 3993 1038 4052 de
1056 3993 1084 4052 la
1102 3993 1213 4053 maison
1232 3994 1269 4054 de
1282 3999 1429 4054 Montmo·

367 4089 464 4162 renci,
478 4109 509 4168 p.
526 4090 596 4147 173.

408 4181 437 4235 t.
460 4179 506 4236 On
518 4176 589 4237 ecrit
599 4173 787 4251 aujourd'hni
800 4176 1042 4251 ommutescere
1056 4184 1131 4246 terre
1141 4173 1252 4234 n’avait
1263 4191 1315 4253 pas
1326 4173 1354 4235 le
1366 4173 1432 4234 titre

370 4266 405 4325 de
418 4265 560 4326 baronnie
573 4285 630 4344 que
644 4264 686 4325 lui
700 4263 797 4324 donne
810 4262 944 4324 l’auteur.
