3272 5182
560 519 672 578 matt
698 515 902 582 SECUNDUS.
976 557 979 566 ·
1154 553 1156 558 ·
1205 517 1263 583 tet

199 675 335 752 eosque
350 651 588 726 acerbissimis
603 649 695 722 odiis
710 651 984 727 insectarentur.
1000 653 1053 727 lh
1065 651 1130 728 lllo
1143 667 1264 728 tamen

200 793 290 842 ausu
309 769 479 866 sacrilego
498 791 574 840 sese
593 781 854 866 temperarunt,
874 768 1034 868 quodam
1051 770 1185 843 vicario
1202 796 1266 845 seu

199 884 380 980 sigillifero
392 885 554 985 episcopi
565 883 743 957 trucidato
751 889 774 977 ²,
783 885 953 986 episcopo
966 902 1001 961 et
1011 884 1144 961 caeteris
1155 889 1264 962 vitam

199 1015 393 1074 servantes.
414 1005 532 1090 Quem
545 1003 651 1074 etiam
668 1001 880 1102 episcopum
896 1003 995 1088 abire
1008 1005 1261 1104 permiserunt,

123 1183 129 1194 ,
199 1116 363 1188 maximis
386 1116 523 1189 eisdem
549 1116 781 1189 sacramentis
803 1114 1031 1213 devinctum,
1057 1143 1204 1192 omnem
1227 1144 1266 1193 se

134 1297 138 1304 .
198 1232 368 1305 daturum
394 1257 543 1332 operam
565 1231 662 1332 apud
678 1233 858 1306 sororium
881 1239 1019 1328 suum¹,
1039 1235 1265 1333 Burgundio·

90 1396 92 1406 ·
198 1373 287 1421 uum
305 1349 454 1440 ducem,
476 1364 654 1448 quatenus
676 1350 976 1426 reconciliationis
997 1353 1145 1450 gratiam
1164 1353 1265 1425 inve·

197 1468 318 1541 nirent
334 1468 432 1567 apud
450 1493 546 1542 eum.
700 1469 702 1474 ‘
1050 1472 1052 1478 ’

246 1587 361 1656 Porro
373 1609 458 1656 cum
471 1581 769 1681 Burgundionum
782 1581 874 1667 dux,
888 1583 952 1681 qui
969 1592 1048 1655 tum
1059 1608 1143 1655 cum
1155 1587 1266 1658 Fran·

197 1725 325 1773 corum
360 1725 445 1797 rege
481 1699 577 1800 apud
605 1705 782 1772 Perouam
812 1699 929 1785 lodus
960 1714 1204 1799 percusserat,
1229 1714 1265 1774 et

196 1839 324 1914 pacem
347 1835 414 1917 pro
442 1832 530 1889 voto
557 1841 599 1890 ac
626 1815 899 1910 desideriosuo
928 1815 1167 1907 obtinuerat⁸,
1195 1818 1264 1890 tale

196 1932 358 2031 ipsorum
376 1932 574 2007 recidivum
592 1933 805 2006 Eburonum
824 1932 1025 2033 perjurium
1044 1946 1153 2031 atque
1169 1957 1263 2031 coep

102 2103 105 2110 «
196 2062 274 2122 tum
293 2048 523 2123 intellexisset
544 2049 714 2148 (quibus,
736 2050 774 2122 in
795 2051 916 2149 priore
939 2049 1073 2123 eisdem
1093 2073 1265 2123 concessa

195 2187 303 2263 pace,
323 2167 555 2238 incensurum
571 2191 609 2238 se
626 2167 736 2238 altera
751 2165 846 2257 vice,
867 2167 1015 2240 Diuanti
1032 2167 1156 2256 instar,
1175 2166 1263 2238 ciri-

195 2292 305 2354 tatem
322 2302 437 2374 suam,
456 2283 486 2354 si
504 2283 680 2380 promissa
697 2296 837 2354 tunc-et
852 2282 920 2355 sibi
935 2284 1052 2379 jurata
1069 2281 1145 2355 ullo
1163 2295 1265 2382 post·

138 2395 161 2460 :f
194 2394 263 2469 hac
285 2396 344 2470 die
369 2397 629 2488 convellerent,
655 2413 879 2470 sacramento
902 2398 1102 2496 firmarat),
1134 2421 1264 2497 magua

194 2511 386 2586 adversum
411 2537 474 2586 eos
499 2508 749 2610 indignatione
774 2528 980 2613 permotus,
1007 2513 1104 2587 illico
1134 2539 1262 2588 omues

194 2631 335 2728 copias,
358 2655 448 2728 quas
464 2630 560 2730 apud
579 2634 754 2702 Peronam
772 2630 954 2728 expeditas
972 2629 1146 2722 habebat,
1166 2631 1262 2703 illico

194 2746 384 2819 contraxit.
412 2749 599 2833 Quocum*
635 2750 856 2817 Francorum
888 2769 971 2837 rex,
1002 2744 1262 2846 benevolentiae

194 2883 279 2934 cum
296 2885 341 2935 eo
364 2861 562 2935 conciliatae
580 2861 762 2948 indicium¹
778 2861 956 2960 singulare
978 2875 1014 2934 et
1031 2859 1140 2934 veluti
1164 2861 1263 2961 pacis

234 3103 264 3160 l.
287 3100 304 3158 J
305 3117 411 3178 aeques
425 3097 463 3159 de
471 3099 635 3173 moriame,
648 3097 827 3158 archidiacre
839 3098 875 3158 de
887 3095 998 3176 l'eglise
1010 3095 1047 3156 de
1057 3097 1158 3177 litiga,
1176 3123 1191 3154 α
1204 3099 1263 3159 fort

193 3189 275 3267 priva
289 3189 390 3248 dudict
410 3190 552 3268 evesque,
572 3188 614 3248 dit
631 3188 813 3262 Commines,
834 3207 892 3267 que
909 3186 1055 3268 plusieurs
1075 3187 1129 3247 lois
1145 3187 1263 3268 J'avoye

161 3337 164 3342 .
192 3297 252 3340 veu
267 3279 348 3339 arme
364 3278 401 3339 de
417 3290 511 3340 tontes
527 3279 624 3360 picces
641 3279 727 3358 apres
746 3298 799 3340 son
817 3278 944 3340 maistre.
963 3301 979 3332 s
996 3279 1162 3354 Memotres,
1178 3278 1200 3338 l.
1215 3282 1262 3356 11,

192 3389 219 3430 c.
236 3389 292 3428 vn.

233 3461 271 3519 ἱ(
285 3463 360 3538 Voy.
377 3458 537 3531 ci·dessus‚
552 3477 584 3538 p.
602 3459 673 3516 167.

235 3551 264 3610 3.
286 3549 453 3610 commines
466 3549 616 3628 temoigue
629 3566 688 3627 que
703 3548 732 3608 la
748 3546 887 3606 nouvelle
904 3544 941 3605 de
954 3564 1002 3606 ees
1020 3546 1174 3609 desordres
1192 3568 1264 3630 par·

192 3637 256 3698 vint
273 3656 312 3700 au
329 3639 385 3698 duc
401 3639 438 3699 de
456 3643 630 3720 Bourgogne
647 3652 735 3698 avant
751 3638 779 3696 la
799 3636 966 3696 conclusion
982 3635 1022 3696 du
1040 3638 1142 3717 truite,
1159 3651 1188 3700 et
1205 3659 1264 3719 qne

191 3733 263 3787 c’est
279 3731 297 3786 a
314 3747 402 3788 cause
419 3728 456 3788 de
472 3729 534 3788 cela
552 3728 623 3806 qu'il
640 3729 671 3788 lit
688 3729 716 3787 le
734 3728 778 3786 roi
795 3725 960 3806 prisounier
977 3728 995 3784 a
1011 3727 1146 3790 Pe‘ronne
1163 3729 1199 3804 (l.
1216 3734 1265 3805 11,

64 3819 69 3830 ”
192 3837 220 3878 c.
234 3821 304 3892 vn).
320 3821 361 3879 M.
378 3817 513 3886 Michelet
527 3837 544 3878 a
558 3818 687 3899 prome,
707 3816 822 3896 d’apres
840 3816 869 3874 la
879 3815 997 3876 version
1011 3815 1052 3876 du
1066 3817 1123 3877 sire
1137 3817 1263 3880 d‘llum-

133 3983 137 3998 Ι
192 3905 346 3978 bercourt,
368 3908 517 3968 recueillis
539 3908 611 3968 daus
632 3908 779 3968 l'llistoire
801 3907 838 3968 de
859 3906 947 3986 Ilege
966 3904 1007 3966 du
1025 3907 1122 3966 moine
1135 3906 1263 3981 Adrien,

192 4000 332 4076 qu'arant
352 3998 447 4056 meme
465 4017 523 4077 que
540 3999 569 4058 le
588 3998 634 4057 roi
651 4000 745 4057 encrat
763 3997 835 4074 dans
850 3989 996 4071 Peronne,
1010 3995 1038 4056 le
1052 3996 1110 4056 duc
1121 3996 1158 4056 de
1171 3999 1265 4056 Bour-

169 4141 172 4148 Δ
192 4105 288 4166 gogne
306 4085 488 4161 s’attendait,
507 4086 547 4148 du
567 4087 632 4147 cote
654 4087 691 4147 de
709 4087 811 4168 llige,
829 4089 847 4146 a
868 4086 932 4168 pire
950 4090 1019 4166 qu't
1038 4107 1071 4147 ce
1090 4086 1141 4166 qui
1155 4085 1264 4149 arrivs.

193 4179 270 4237 Hirr.
285 4177 323 4233 de
336 4181 461 4248 mance,
477 4191 498 4237 t.
513 4181 570 4253 vl,
585 4197 612 4239 c.
629 4197 670 4236 ιν.

233 4268 263 4323 l.
288 4266 342 4324 Cui
353 4285 416 4324 cum
431 4263 503 4326 dana
516 4265 544 4325 le
559 4285 613 4324 ms.
