3384 5184
361 525 400 580 96
635 519 1092 583 ΗῙΕΤΟΒΙΑΒΠΜΠΒΟΠΟΙ
1112 521 1155 576 xl

362 667 500 726 menter
534 667 569 726 et
599 651 846 726 miserabiliter
870 652 1042 726 falluntur
1066 665 1102 724 et
1125 665 1346 736 excecantur
1369 651 1428 724 illa

361 769 527 869 pestilera
550 767 747 843 ambitione
770 783 805 840 et
829 769 1043 842 dominandi
1068 767 1193 840 effreni
1218 766 1425 865 cupiditate.

362 886 531 958 Volentes
552 887 648 959 enim
671 884 851 957 dominari
871 900 905 957 et
926 885 1049 958 invicti
1068 899 1176 982 atque
1196 884 1313 956 securi
1333 908 1427 984 esse,

364 1000 424 1072 tali
445 1004 502 1076 via
524 1018 694 1076 neutrum
717 1017 973 1099 assequuntur3
996 1001 1077 1095 sed,
1098 1000 1160 1073 ubi
1186 1026 1224 1073 se
1252 1000 1430 1072 dominari

364 1118 585 1210 existimant,
621 1117 692 1190 illic
729 1119 966 1203 miserrimam
1002 1118 1209 1191 servitutem
1241 1118 1431 1189 incurrunt

364 1232 548 1326 elationis,
575 1233 802 1325 ambitionis,
826 1235 988 1328 invidiae,
1011 1250 1147 1326 metus,
1172 1233 1427 1326 formidinum,

365 1349 662 1439 sollicitudinum,
674 1374 855 1444 curarum,
872 1352 1090 1426 anxietatum
1107 1373 1148 1422 ac
1162 1351 1341 1423 variarum
1357 1365 1431 1422 tur·

365 1465 592 1565 pissimarum
612 1467 821 1565 passionum
837 1480 873 1538 et
889 1465 1142 1565 cupiditatum,
1160 1465 1372 1563 quarum-in
1394 1486 1431 1536 se

366 1580 606 1674 dominatum,
630 1597 718 1656 tunc
738 1582 894 1655 maxime
913 1607 998 1654 cum
1018 1583 1125 1656 rebus
1147 1582 1254 1682 potiri
1276 1580 1431 1655 credun·

365 1712 440 1790 tur,
459 1723 632 1796 suamque
650 1700 877 1772 durissimam
894 1699 962 1772 sub
978 1699 1113 1772 eisdem
1130 1699 1334 1772 servitutem
1364 1699 1431 1771 mi·

366 1815 533 1908 serrime,
561 1816 693 1910 velint,
720 1813 855 1906 nolint,
881 1817 1127 1915 experiuntur.
1156 1815 1310 1887 Domini.
1325 1815 1432 1910 igitur

366 1931 555 2029 quomodo
572 1946 669 2020 sunt,
688 1931 750 2028 qui
768 1929 1000 2004 dominorum
1017 1945 1071 2004 tot
1086 1933 1325 2031 pessimorum
1342 1929 1432 2002 infe-

366 2045 542 2118 licissimae
560 2047 721 2119 servituti
739 2045 872 2118 addicti
893 2043 1000 2120 sunt?
1017 2048 1081 2120 sed
1099 2073 1182 2141 nec,
1203 2047 1433 2146 quantumvis

365 2163 474 2260 longe
488 2162 630 2261 lateque
644 2163 835 2261 imperium
850 2163 1078 2262 protulerint,
1095 2165 1217 2236 invicti
1230 2177 1327 2254 sunt,
1344 2186 1366 2235 a
1379 2176 1433 2234 tot

367 2278 532 2376 pessimis
552 2276 710 2350 dominis
731 2279 828 2350 victi.
848 2280 977 2352 Utilius
995 2281 1145 2380 quippe,
1168 2279 1224 2352 vel
1240 2279 1360 2351 minus
1377 2278 1433 2350 in·

368 2393 515 2467 feliciter
534 2392 580 2466 ab
600 2393 763 2486 homine,
785 2420 893 2493 quam
912 2411 1003 2468 atot
1018 2397 1111 2469 vitiis
1132 2409 1167 2468 et
1191 2395 1369 2495 praecipue
1387 2391 1433 2465 ab

367 2511 445 2608 ipsa
462 2509 675 2582 dominandi
695 2511 891 2611 cupiditate
905 2512 1146 2584 vincerentur.
1169 2511 1293 2584 lnvicti
1312 2523 1434 2584 autem

369 2651 463 2716 esse,
481 2628 559 2700 sine
575 2627 787 2726 cujusquam
803 2629 951 2727 injuria,
971 2644 1137 2729 possent,
1156 2631 1186 2701 si
1206 2628 1325 2702 solum
1345 2624 1435 2700 illud

370 2770 495 2818 verum
512 2760 547 2818 et
563 2745 761 2845 perfectum
779 2763 940 2820 amarent
956 2746 1112 2839 bonum,
1133 2747 1233 2846 quod
1250 2748 1300 2820 eis
1316 2744 1436 2818 invitis

369 2860 498 2934 auferri
518 2886 593 2933 non
611 2864 735 2960 possit.
756 2867 836 2935 Non
854 2865 951 2934 enim
968 2864 1138 2962 cuiquam
1153 2861 1356 2935 inviderent
1367 2885 1431 2952 ne,

369 2979 503 3077 pariter
524 2977 615 3050 illud
640 2994 884 3070 assecuturus,
913 2982 1091 3054 minorem
1115 2982 1184 3054 sibi
1202 2981 1301 3054 illius
1326 2979 1435 3053 amati

371 3093 459 3167 boni
476 3091 659 3166 efficerent
676 3096 894 3194 portionem,
913 3123 998 3170 cum
1014 3113 1087 3172 tam
1104 3099 1303 3198 perfectum
1319 3097 1436 3170 excel·

370 3209 519 3310 iensque
532 3209 687 3303 exsistat,
702 3225 755 3302 ut,
771 3219 908 3310 qnanto
922 3214 1043 3313 plures
1055 3214 1117 3288 illo
1131 3215 1433 3314 participaverint,

371 3340 471 3398 tanto
496 3322 722 3423 singulorum
746 3327 783 3400 in
803 3329 865 3403 illo
885 3331 1040 3429 majores
1057 3346 1259 3404 accrescant
1281 3331 1436 3405 delecta·

371 3439 500 3514 tiones.
519 3439 703 3515 infinitum
720 3445 818 3520 enim
829 3461 896 3520 est.
907 3447 1025 3540 Unde,
1042 3446 1242 3520 fruentibus
1256 3473 1301 3521 eo
1316 3448 1438 3525 multis

372 3570 434 3630 aut
452 3557 642 3647 universis,
663 3557 888 3655 singulorum
905 3587 979 3634 non
998 3562 1284 3636 diminuerentur
1300 3564 1436 3663 portio·

373 3696 449 3760 nes,
463 3670 525 3744 sed
543 3673 666 3746 omnia
682 3675 719 3749 in
734 3677 903 3750 omnibus
917 3679 1096 3752 exsisteret
1108 3679 1288 3778 integrum
1302 3692 1339 3752 et
1356 3704 1435 3778 per·

373 3787 519 3863 lectum.

423 3906 514 3979 lllud
532 3908 638 4006 igitur
651 3907 805 3999 bonum,
824 3911 887 4007 qui
904 3913 1026 3984 invicti
1041 3936 1115 3984 esse
1133 3913 1299 4012 cupiunt,
1319 3913 1438 4010 potins

373 4039 550 4122 quaerant,
582 4025 765 4138 animique
791 4027 937 4100 virtutes
958 4041 1064 4125 atque
1087 4028 1184 4101 dona
1208 4027 1351 4128 spiritus
1376 4051 1439 4100 seu

373 4139 600 4231 charismata,
620 4141 751 4240 quibus
767 4142 813 4216 ad
831 4143 920 4216 illud
935 4145 1156 4242 pervenitur,
1176 4143 1388 4237 aemulentur
1404 4156 1440 4214 et

373 4271 507 4330 ament.
527 4261 714 4348 Quaecum
732 4261 883 4364 assecuti
905 4258 1054 4352 luerim,
1072 4261 1124 4332 eis
1141 4260 1261 4332 nullus
1280 4259 1436 4347 auferre,
