3282 5168
328 527 385 586 art
563 506 855 584 'ntsroumuuu
874 523 1053 582 nuuovtct
1072 496 1117 582 xi

376 665 420 734 Et
445 661 494 733 ita
519 682 586 759 pro
610 671 773 756 tempore
787 654 977 746 hostilitas,
1002 681 1081 754 quae
1106 656 1201 729 inter
1223 657 1389 756 praefatos

327 801 427 874 reges
447 776 522 874 jam
537 799 603 876 per
622 797 738 848 anuos
756 773 893 870 aliquot
905 771 1118 844 efferbuerat
1135 796 1211 844 non
1229 773 1307 850 sine
1323 788 1391 846 ter·

328 915 449 966 rarum
474 907 510 964 et
527 889 759 965 ¹subditorum
786 890 973 985 utriusque
998 887 1140 960 damnis
1164 885 1328 987 plurimis
1353 903 1391 961 et

328 1008 567 1094 detrimentis,
594 1006 705 1106 pactis
731 1018 768 1077 et
795 999 1097 1077 conventionibus
1123 1003 1217 1076 inter
1242 1002 1390 1076 eosdem

329 1125 476 1200 firmetis
498 1123 608 1197 finem
635 1145 702 1221 pro
725 1136 810 1193 tunc
833 1120 992 1219 accepit,
1017 1120 1111 1192 circa
1133 1143 1293 1194 mensem
1308 1145 1390 1220 sep·

328 1239 477 1315 tembris
488 1243 511 1330 ¹,
532 1253 698 1312 currente
714 1260 812 1310 anno
830 1236 976 1308 Domini
992 1261 1034 1307 u.
1045 1259 1141 1308 cccc.
1152 1259 1275 1308 nxxur.

685 1580 940 1654 ChPl'l'UhlJlll
965 1583 1026 1652 Vl.

330 1791 370 1844 De
400 1788 608 1844 incarceratione
631 1800 657 1842 et
681 1785 834 1842 detentione
854 1784 930 1840 ducis
947 1785 1064 1841 Geldrie
1083 1805 1131 1860 per
1149 1789 1290 1862 proprium
1306 1788 1392 1848 filium

330 1913 333 1920 .
364 1866 565 2004 ieppcnppaquqqq
575 1867 623 1922 elii
635 1881 726 1941 postea
736 1885 785 1940 per
796 1865 959 1940 Burgundio
978 1864 1075 1920 ducem
1087 1869 1299 1941 apprehensione
1312 1881 1339 1922 et
1350 1868 1392 1922 in·

380 2124 696 2216 Quemadmodum
712 2148 815 2216 sune,
842 2122 1115 2200 decurrentibus
1131 2128 1284 2226 treugis,
1303 2152 1394 2226 ques

330 2267 438 2342 supra
454 2242 562 2316 lactas
576 2242 682 2314 luisse
698 2254 734 2313 et
752 2239 908 2314 firmatas
928 2241 1021 2314 inter
1038 2246 1258 2316 Francorum
1273 2268 1393 2341 regern

227 2439 229 2448 ,
330 2375 366 2432 et
388 2359 517 2432 ducem
540 2358 713 2432 illustrem
739 2356 1036 2456 Burgundionum
1066 2358 1272 2452 retulimus,
1301 2386 1395 2460 pree-

330 2475 425 2550 dicta
448 2500 514 2576 per
538 2499 659 2572 regem
684 2479 904 2547 Francomm
928 2489 1026 2572 gesta
1043 2473 1207 2569 luerunt,
1226 2491 1301 2550 tam
1327 2477 1394 2552 ad·

330 2617 452 2666 versus
476 2591 645 2664 comitem
671 2591 863 2665 arminiaci
885 2615 995 2691 quam
1018 2615 1139 2689 regern
1167 2594 1392 2690 drogonum,

330 2711 381 2787 sic
408 2710 516 2784 etiam
544 2735 619 2782 non
646 2734 793 2809 prorsus
824 2707 962 2781 feriavit
988 2723 1053 2782 aut
1081 2707 1269 2808 obtorpuit
1296 2710 1395 2786 idem

332 2825 629 2924 Burgundionum
646 2825 732 2898 dux.
754 2829 844 2898 Nam
861 2825 897 2896 in
915 2823 1042 2897 eadem
1059 2815 1201 2919 aestate,
1216 2850 1301 2898 cum
1315 2827 1396 2900 Gel-

332 3001 369 3062 de
382 3020 416 3061 ce
427 3020 485 3079 que
494 2999 556 3060 cela
567 3000 659 3062 s’etait
675 2999 737 3075 fait,
752 3011 781 3058 et
793 2997 864 3076 qu’il
878 2997 957 3057 avait
971 2997 1102 3057 ordonne
1116 3001 1134 3057 a
1148 3017 1201 3058 son
1214 2997 1395 3058 vice-amiral

265 3142 269 3152 .
331 3089 368 3150 de
388 3090 451 3151 a’en
473 3091 636 3169 expliquer.
663 3085 818 3162 «Quando
836 3097 981 3160 autem,'n
1004 3088 1182 3164 ajouter-il,
1204 3113 1219 3143 a
1242 3108 1308 3149 cum
1330 3089 1396 3170 ipso

330 3179 471 3242 Columbo
490 3193 520 3240 et
539 3181 603 3240 aliis
626 3179 733 3258 inquiri
751 3177 918 3258 despicique
936 3179 1138 3240 mandavimus
1155 3198 1289 3259 quaenam
1308 3201 1397 3244 causa

330 3289 381 3330 eos
393 3270 431 3329 ad
444 3269 607 3348 captionem
619 3268 695 3328 hanc
708 3279 811 3346 praeter
825 3280 953 3328 mentem
964 3281 1105 3342 nostram,
1120 3269 1204 3332 nohis
1217 3290 1277 3329 non
1285 3269 1396 3345 juben·

330 3357 424 3433 tibus,
444 3358 622 3437 impulisset,
639 3357 670 3416 hi
693 3353 821 3436 profecto
839 3357 1075 3435 respondendum
1092 3360 1255 3433 duxerunt,
1279 3379 1310 3418 se
1327 3379 1397 3439 pro-

330 3461 431 3528 pterea
448 3447 486 3508 ad
509 3449 591 3528 illam
611 3459 716 3508 tractos
737 3445 928 3525 incitatosqne
941 3447 1051 3522 luisse,
1072 3448 1152 3527 quod
1174 3460 1274 3528 gentes
1293 3463 1397 3510 vestrae

330 3551 432 3598 contra
444 3550 557 3598 nostras
570 3539 601 3598 in
613 3559 684 3618 agro
697 3549 797 3596 nostro
808 3537 980 3598 Roasiliouis
991 3557 1022 3598 se
1033 3539 1207 3614 injecerant3
1221 3563 1237 3593 a
1252 3551 1281 3598 et
1293 3540 1314 3600 il
1327 3559 1398 3600 eon·

331 3625 412 3686 tinne
425 3647 476 3688 sur
488 3646 522 3686 ce
536 3641 598 3703 ton,
615 3638 736 3686 mettant
749 3624 821 3686 dans
835 3625 863 3687 la
878 3625 994 3687 boucha
1014 3626 1051 3687 de
1065 3648 1118 3688 son
1137 3628 1320 3690 vice-amiral
1335 3642 1398 3690 tout

330 3737 364 3778 ce
377 3716 448 3796 qu'il
467 3715 546 3778 avait
564 3716 601 3776 de
616 3717 706 3798 griess
723 3729 824 3776 contre
840 3716 868 3776 le
888 3716 933 3776 roi
947 3715 984 3778 de
1002 3717 1103 3796 Sicile,
1122 3718 1252 3780 finissent
1268 3737 1321 3798 par
1334 3719 1398 3780 dire

331 3806 403 3886 qu'il
416 3805 495 3866 avait
507 3803 639 3866 ordonne
656 3805 685 3865 la
702 3804 880 3880 restitution,
896 3817 926 3866 et
942 3806 1013 3885 qu’il
1030 3807 1170 3888 comptait
1185 3827 1236 3867 sur
1256 3807 1285 3868 la
1299 3807 1398 3868 couti·

330 3896 453 3958 nuation
468 3895 520 3956 des
537 3895 611 3956 bons
622 3895 790 3958 sentiments
803 3913 863 3972 qne
879 3894 937 3954 don
949 3895 1084 3958 Femand
1102 3897 1144 3958 lui
1158 3897 1236 3958 avait
1249 3899 1394 3978 marques.

331 3989 406 4066 Voy.
421 3984 587 4065 D’Achery,
600 3989 803 4064 Spicilegium,
822 3995 843 4042 t.
859 3989 918 4062 111,
934 4005 965 4066 p.
980 3988 1050 4046 84⁴.

373 4079 402 4133 l.
434 4078 514 4136 Getta
534 4075 619 4158 pair,
643 4073 693 4152 qni
714 4071 815 4134 n’etait
834 4093 892 4152 que
914 4074 1127 4154 preliminaire,
1154 4075 1199 4136 lut
1224 4074 1347 4138 conclus
1369 4077 1397 4138 la

333 4167 371 4228 ta
386 4165 551 4246 septembre
564 4177 593 4230 et
605 4163 770 4246 Perpiguan
785 4165 894 4226 &vacue
907 4165 936 4226 le
950 4165 1040 4226 sudu
1057 4169 1153 4228 meme
1171 4167 1255 4230 mois.

373 4257 402 4314 Ξ.
426 4253 562 4336 chapitre
576 4253 676 4338 pubtit
689 4253 762 4316 dans
775 4253 980 4336 l’Amplt'eaime
993 4259 1132 4332 collectio,
1147 4268 1168 4316 t.
1185 4259 1236 4333 tv,
1250 4257 1307 4322 col.
1324 4259 1394 4317 764.
