3272 5182
560 605 670 665 mun
688 606 852 667 mnus.
1174 609 1233 668 sta

183 734 401 810 chinamenti
409 735 755 834 conspirationisque
765 737 872 810 series
882 737 1135 812 contineretur.
1148 742 1235 828 Qnoe

184 878 296 925 ocreae
322 877 392 924 suae
417 877 500 924 cum
522 853 634 926 allatae
657 852 822 947 luissent,
844 855 879 926 in
902 856 952 928 eis
973 857 1126 928 inventae
1153 871 1238 934 snut

183 967 430 1065 hujuscemodi
452 968 576 1040 litterae
601 993 680 1064 quae
698 970 807 1042 totius
829 995 942 1044 scenae
962 986 998 1044 et
1017 973 1238 1071 singulorum

184 1083 260 1180 ejus
275 1098 437 1176 actuum,
458 1107 529 1156 una
553 1109 637 1156 cum
657 1082 713 1157 his
737 1110 817 1183 quae
837 1085 905 1159 sibi
929 1087 1041 1162 verbo
1067 1088 1161 1162 dicta
1183 1090 1239 1162 in-

181 1201 377 1299 junctaque
394 1201 500 1275 suisse
523 1199 713 1295 referebat,
738 1201 873 1276 indices
895 1203 989 1277 clare
1009 1218 1116 1303 atque
1139 1203 1239 1276 lucu·

185 1310 298 1388 lenter
313 1317 552 1388 exstiterunt¹.

235 1431 302 1503 Diu
320 1445 440 1504 autem
456 1431 503 1504 de
520 1445 596 1505 tota
613 1429 673 1503 illa
691 1431 955 1528 conspiratione
976 1450 1082 1533 atque
1102 1434 1242 1508 machi-

187 1548 380 1638 namentis,
406 1547 452 1619 de
474 1545 726 1645 complicibus,
751 1545 797 1618 de
821 1549 1006 1637 ministris,
1031 1549 1078 1622 de
1098 1550 1243 1646 singulis

187 1662 460 1735 circumstantiis
486 1662 607 1734 solerti
632 1663 924 1760 pervestigatione
944 1664 1051 1757 facta,
1075 1679 1112 1737 et
1136 1667 1244 1738 totius

188 1778 239 1851 rei
254 1778 302 1850 ad
319 1778 468 1877 plenum
484 1779 631 1851 veritate
648 1791 832 1876 comperta
847 1793 955 1878 atque
972 1778 1171 1879 explorata,
1190 1781 1246 1852 in-

188 1909 310 1991 gentes
330 1893 521 1990 gratiarum
538 1891 697 1966 actiones
717 1906 754 1964 et
770 1892 908 1966 debitas
925 1893 1048 1966 landes
1069 1893 1246 1993 supplica·

189 2010 372 2107 tionesque
385 2008 514 2082 divinae
530 2009 700 2105 Majcstati
714 2007 868 2081 reddidit
881 2011 956 2108 ipse
970 2009 1140 2082 dominus
1157 2009 1243 2104 dux,

189 2126 290 2224 qnod
304 2151 324 2198 a
339 2127 443 2198 tantis
461 2151 544 2198 eum
557 2123 722 2224 periculis
738 2137 845 2222 atque
864 2126 1000 2200 insidiis
1020 2127 1247 2199 miseratione

190 2267 254 2316 sua
265 2256 521 2342 praeservasset‚
538 2240 740 2338 similesque
755 2240 802 2313 ab
816 2241 983 2314 omnibns
996 2243 1068 2314 suis
1080 2243 1243 2333 subditis,

191 2358 305 2430 missis
321 2355 497 2457 epistolis*¹
511 2355 557 2429 ad
574 2357 734 2428 civitates
755 2371 792 2428 et
809 2358 960 2454 insignia
981 2358 1115 2457 oppida
1138 2372 1247 2432 terra·

192 2497 271 2544 rum
284 2497 443 2562 suarum,
456 2495 535 2570 quac
545 2471 819 2568 conspirationis
830 2471 1109 2569 insidiarumque
1120 2474 1248 2546 seriem

192 2587 444 2676 continebant,
472 2583 655 2658 humiliter
678 2598 714 2656 et
738 2584 868 2658 devote
892 2585 968 2657 lieri
993 2603 1158 2685 precatus
1180 2603 1245 2660 est.

193 2704 299 2792 Quod
320 2729 395 2777 non
415 2703 568 2800 segniter
588 2701 721 2799 quippe
742 2725 857 2799 neque
877 2702 1094 2799 negligenter
1114 2703 1249 2776 lactum

193 2820 334 2891 exstitit.
358 2823 448 2891 Nam
464 2841 548 2889 cum
565 2815 748 2888 immensis
767 2820 844 2888 Deo
863 2815 1028 2888 laudibus
1048 2816 1196 2889 redditis
1214 2832 1249 2890 et

194 2936 385 3030 gratiarum
409 2935 566 3024 actione,
590 2929 689 3028 quod
713 2929 902 3004 dominum
925 2956 1030 3004 snum
1050 2933 1245 3032 optimum,

194 3048 268 3120 imo
284 3048 508 3146 semetipsos,
527 3070 549 3119 a
564 3045 670 3117 tantis
687 3045 835 3118 eruisset
849 3045 986 3120 insidiis
1002 3061 1109 3142 atque
1126 3047 1246 3140 malis,

194 3163 301 3236 etiam
324 3187 408 3235 cnm
431 3154 758 3234 omni'devotionis
782 3161 930 3253 aflectu,
963 3162 1138 3262 supplices
1173 3177 1249 3237 tam

194 3278 338 3377 publice
358 3300 466 3374 quam
484 3279 647 3376 privatim
663 3277 848 3351 Divinitati
869 3277 1001 3377 ubique
1019 3293 1191 3377 porrectae
1213 3295 1250 3354 et

195 3393 293 3467 lactae
308 3407 391 3466 sunt
411 3417 551 3493 preces,
570 3407 609 3465 ut
629 3393 795 3466 eumdem
812 3395 849 3466 in
866 3409 982 3486 antea,
1003 3419 1250 3494 permagnam

196 3533 297 3583 suam
309 3506 603 3601 misericordiam,
620 3533 642 3582 a
657 3507 831 3580 similibus
844 3507 1011 3582 omnibus
1024 3510 1251 3585 inimicorum

237 3721 266 3776 l.
287 3715 424 3776 L'sutenr
436 3711 534 3774 oublic
547 3713 618 3792 qn’il
632 3710 723 3787 addid
733 3711 898 3772 mennonne
911 3725 984 3775 cette
997 3713 1158 3793 pretendnc
1168 3717 1253 3778 lettre

197 3805 238 3864 dn
251 3806 295 3864 roi
310 3811 351 3884 (p.
367 3807 436 3880 236)
450 3825 488 3864 en
501 3803 543 3862 lui
556 3802 713 3862 attribuant
728 3820 785 3862 unc
800 3814 903 3861 teneur
916 3801 1078 3864 disserente.
1095 3808 1140 3866 On
1154 3808 1253 3888 repete

196 3893 235 3952 ici
248 3894 318 3970 qu’il
339 3899 413 3952 n'est
430 3913 482 3973 pas
502 3891 635 3971 question
649 3891 686 3950 de
699 3891 784 3950 lettre
798 3890 838 3949 du
852 3891 896 3950 roi
917 3891 987 3952 dans
1007 3892 1034 3952 le
1050 3894 1199 3956 manifeste
1213 3895 1253 3954 du

197 3981 255 4040 duc
268 3981 304 4040 de
317 3987 500 4062 Bourgogne,
515 3981 586 4040 mais
597 3980 757 4040 seulement
771 4003 786 4034 α
798 3978 955 4040 d'sncunes
967 3980 1066 4042 lettres
1079 4007 1096 4037 ι
1113 4001 1171 4062 qne
1184 4003 1253 4062 por-

199 4069 251 4130 uit
264 4070 402 4130 l'hommc
418 4069 512 4129 arreti
526 4071 543 4128 l
555 4069 746 4130 sirint-Omen.

237 4161 268 4219 Ξ.
290 4158 367 4220 C'est
385 4160 414 4219 la
428 4159 509 4240 pitice
523 4159 594 4220 dont
605 4179 645 4220 on
664 4157 731 4220 s’est
752 4157 830 4220 servi
849 4177 926 4239 pour
940 4171 1063 4220 annoter
1081 4159 1110 4219 le
1127 4159 1257 4240 chapitre

199 4249 366 4328 precedent,
381 4263 410 4310 et
423 4250 494 4310 dont
506 4269 544 4308 on
558 4269 576 4309 a
588 4249 631 4310 dit
650 4268 708 4328 que
720 4249 748 4310 le
768 4261 846 4309 texte
862 4250 939 4310 nete
952 4249 1048 4310 donne
1066 4269 1120 4331 psr
1137 4252 1260 4338 Doclos,

200 4339 274 4400 dans
290 4359 335 4400 ses
349 4357 474 4419 preuves
489 4341 505 4397 i
520 4339 665 4399 l’Ht'stotrc
678 4341 714 4398 de
726 4343 812 4400 buu
822 4342 880 4398 11.
