3014 5010
575 451 686 509 LIBER
703 450 905 511 sumanus.
1215 449 1273 509 tta

210 583 364 681 regiam,
392 582 428 652 in
457 605 529 679 qua
556 604 617 653 rex
645 597 741 671 erat,
771 597 805 654 et
833 584 1038 656 transmissa
1066 584 1273 678 Sequana¹,

210 719 326 778 castra
342 726 405 776 sua
422 701 552 774 locavit
568 727 691 775 comes
709 703 754 775 de
771 704 956 775 Charolois
969 728 1082 803 prope
1102 718 1277 774 monaste·

210 822 305 894 rium
328 819 619 912 Sancti-Mauri’‚
650 844 751 893 more
779 821 881 917 periti
904 821 1078 892 exercitus
1103 819 1205 892 ducis
1234 842 1276 889 ea
1374 840 1379 849 ·

210 935 304 1008 vallo
333 949 369 1006 et
397 933 581 1023 curribus,
604 959 696 1031 quos
721 935 896 1033 plurimos
925 930 1100 1023 habebat,
1129 931 1278 1004 solerter

211 1051 474 1124 communiens.
508 1054 589 1120 Dux
618 1074 704 1123 vero
731 1051 918 1124 Britonum
954 1075 1038 1122 cum
1065 1051 1138 1120 suis
1164 1049 1277 1146 copiis

211 1162 331 1236 viliam
346 1162 646 1260 Sancti-Dionysii
663 1186 731 1262 pro
746 1164 869 1234 castris
885 1161 1060 1252 habeba13
1084 1161 1143 1232 cui
1166 1161 1277 1232 socia·

210 1280 343 1353 bantur
357 1278 417 1351 alii
435 1279 633 1379 principes,
654 1302 746 1377 saepe
761 1302 805 1349 ex
823 1278 901 1350 aliis
920 1278 1049 1352 adalia
1070 1300 1142 1349 suae
1158 1276 1279 1348 factio·

209 1397 265 1467 nis
277 1409 392 1468 castra
413 1408 650 1467 transeuntes.
668 1394 769 1464 Vires
785 1407 906 1464 tamen
928 1407 965 1465 et
983 1394 1144 1491 potentia
1166 1393 1278 1488 majo·

210 1535 268 1583 res
287 1511 406 1587 multo
422 1511 459 1582 in
475 1509 601 1582 castris
616 1523 652 1581 et
675 1509 832 1580 exercitu
857 1509 998 1581 comitis
1020 1508 1067 1581 de
1095 1507 1279 1580 Charoloessr

211 1640 328 1699 erant.
422 1610 425 1615 ⁵

259 1745 344 1812 Erat
372 1740 494 1836 itaque
509 1763 571 1811 rex
588 1739 680 1811 intra
704 1737 831 1811 urbem
861 1763 962 1810 suam
987 1740 1138 1834 regiam,
1158 1733 1279 1807 multis

168 1940 171 1945 ¹
210 1868 431 1929 armatorum
447 1856 596 1954 stipatus
616 1855 790 1945 millibus;
815 1856 995 1954 principes
1010 1880 1096 1928 vero
1120 1852 1279 1953 praedicti

211 1959 255 2043 ea
278 1993 351 2042 una
373 1984 513 2042 tantum
540 1971 699 2043 fluminis
729 1986 831 2070 parte
859 1989 975 2059 castra
1006 1973 1129 2044 metati
1158 1986 1275 2044 erant.

211 2088 304 2159 Cum
327 2085 459 2185 quibus
484 2087 531 2158 ad
556 2103 738 2160 certamen
767 2088 958 2185 congredi,
982 2091 1090 2187 signis
1119 2089 1275 2175 collatis,

211 2225 279 2273 nec
300 2203 527 2293 consultum,
546 2228 614 2275 nec
631 2205 715 2276 satis
732 2218 849 2276 tutum
866 2206 932 2277 sibi
955 2232 1015 2277 rex
1040 2203 1275 2277 existimabat.

212 2321 405 2390 Nutantem
422 2319 521 2390 enim
536 2318 733 2390 multorum
748 2317 857 2391 fidem
874 2336 948 2393 erat
965 2335 1153 2418 expertus;
1172 2318 1279 2416 longe

212 2457 298 2504 vero
318 2434 496 2532 plurium,
525 2458 592 2505 nec
619 2448 815 2506 mutantem
841 2435 1010 2532 quidem,
1031 2434 1092 2506 sed
1112 2437 1280 2534 principi-

212 2550 282 2622 bus
308 2551 436 2621 affectu
462 2549 706 2621 adhaerentem
727 2550 810 2621 satis
827 2551 1054 2647 suspicatus:
1084 2549 1277 2649 praesertim

213 2667 262 2741 ob
287 2667 404 2739 fratris
427 2668 480 2737 sui
508 2667 733 2764 praesentiam
753 2667 833 2762 qui,
854 2665 904 2736 ob
928 2665 965 2736 id
982 2665 1083 2762 quod
1101 2664 1279 2763 quodam·

212 2783 324 2856 modo
343 2784 380 2854 in
406 2807 470 2854 sua
494 2782 634 2880 egregia
652 2781 775 2853 indole
801 2782 913 2880 patris
929 2782 1103 2853 rescrebat
1120 2781 1278 2879 pruden-

210 2899 296 2972 tiam
313 2913 349 2970 et
365 2896 594 2994 gravitatem,
613 2895 744 2967 charus
762 2896 961 2967 admodum
978 2895 1140 2995 plurimis
1167 2894 1279 2968 habe·

210 3013 328 3087 batur.

261 3139 384 3207 Fertur
400 3135 507 3206 etiam
533 3133 634 3231 quod
662 3132 785 3204 omnia
813 3156 873 3204 rex
902 3146 1022 3228 ageret
1050 3157 1092 3204 ex
1114 3131 1278 3204 consulto

214 3250 430 3336 Francisci⁸,
450 3263 537 3322 tunc
552 3249 827 3321 Mediolanensis
844 3249 962 3341 ducis,
983 3250 1048 3320 viri
1065 3275 1184 3320 rerum
1205 3249 1279 3322 bel·

212 3364 363 3438 licarum
381 3380 437 3456 et,
457 3391 537 3462 quae
562 3366 598 3437 in
616 3366 752 3437 eisdem
774 3365 881 3438 rebus
908 3390 999 3464 saepe
1022 3367 1210 3464 practicari
1226 3392 1280 3438 as·

213 3480 346 3571 soient,
377 3495 667 3578 stratagematum
695 3482 820 3578 procul
850 3481 963 3552 dubio
989 3483 1222 3578 expertissimi
1244 3495 1279 3554 et

254 3747 283 3804 t.
303 3742 326 3803 11
341 3741 466 3802 faudrait
479 3747 616 3803 Manena
628 3765 667 3803 au
678 3744 737 3803 iien
750 3743 786 3803 de
800 3745 944 3820 Sequana.
959 3742 1144 3821 L'operation
1159 3741 1198 3800 du
1213 3759 1279 3818 pas-

213 3852 281 3912 sage
298 3831 334 3890 de
348 3832 377 3890 la
390 3833 475 3891 Seine
488 3833 557 3891 t'etait
570 3834 634 3908 deji
650 3832 790 3891 ancienne
802 3845 830 3889 et
844 3832 910 3890 saite
926 3831 985 3890 loin
999 3831 1035 3890 de
1050 3831 1141 3892 Paris.
1155 3829 1217 3888 Elle
1228 3841 1278 3887 eut

212 3921 270 3981 lieu
285 3922 312 3981 le
328 3926 346 3981 d
359 3924 427 3980 aorit
442 3925 458 3980 a
471 3926 576 3985 Moret.
589 3928 631 3981 La
644 3926 745 3981 Marna
761 3920 803 3979 sut
817 3921 917 4000 passee
932 3921 960 3980 le
973 3924 1011 3979 20
1024 3924 1094 3980 aodt
1107 3941 1145 3980 au
1158 3931 1230 4000 pont
1240 3918 1278 3978 de

211 4011 387 4071 Charenton.
403 4010 524 4091 Lenglet
536 4011 709 4088 Dusresnoy‚
729 4014 896 4084 Comnrr'nes,
912 4024 931 4069 t.
949 4015 988 4083 11,
1005 4031 1035 4090 p.
1052 4013 1121 4069 tat.
1210 3994 1218 4018 ¹

253 4103 282 4159 2.
304 4106 326 4158 Α
343 4099 526 4159 saint-Maur
538 4099 580 4158 les
594 4099 705 4159 Fossis.

253 4192 281 4249 3.
305 4189 442 4266 Franpois
457 4188 568 4250 Ssorce.
584 4192 658 4266 Voy.
674 4187 833 4262 ci-dessus‚
852 4210 881 4268 p.
899 4192 949 4249 95.
