<?xml version="1.0" encoding="UTF-8"?>
<!DOCTYPE html PUBLIC "-//W3C//DTD XHTML 1.0 Transitional//EN"
    "http://www.w3.org/TR/xhtml1/DTD/xhtml1-transitional.dtd">
<html xmlns="http://www.w3.org/1999/xhtml" xml:lang="en" lang="en">
 <head>
  <title>
</title>
<meta http-equiv="Content-Type" content="text/html;charset=utf-8" />
  <meta name='ocr-system' content='tesseract 3.04.00' />
  <meta name='ocr-capabilities' content='ocr_page ocr_carea ocr_par ocr_line ocrx_word'/>
</head>
<body>
  <div class='ocr_page' id='page_1' title='image "./histoiredesrgne02amelgoog_0461.png"; bbox 0 0 3282 5168; ppageno 0'>
   <div class='ocr_carea' id='block_1_1' title="bbox 241 560 1135 625">
    <p class='ocr_par' dir='ltr' id='par_1_1' title="bbox 241 560 1135 625">
     <span class='ocr_line' id='line_1_1' title="bbox 241 560 1135 625; baseline -0.008 0"><span class='ocrx_word' id='word_1_1' title='bbox 241 562 243 572; x_wconf 82' lang='lat'>&#39;</span> <span class='ocrx_word' id='word_1_2' title='bbox 346 568 403 625; x_wconf 79' lang='lat' dir='ltr'><strong>ato</strong></span> <span class='ocrx_word' id='word_1_3' title='bbox 616 561 873 621; x_wconf 76' lang='lat' dir='ltr'><strong>mstotttttttttt</strong></span> <span class='ocrx_word' id='word_1_4' title='bbox 892 560 1071 618; x_wconf 74' lang='lat' dir='ltr'><strong>tunovtct</strong></span> <span class='ocrx_word' id='word_1_5' title='bbox 1090 560 1135 618; x_wconf 85' lang='lat' dir='ltr'><strong>xt</strong></span> 
     </span>
    </p>
   </div>
   <div class='ocr_carea' id='block_1_2' title="bbox 341 693 1407 1270">
    <p class='ocr_par' dir='ltr' id='par_1_2' title="bbox 341 693 1407 1270">
     <span class='ocr_line' id='line_1_2' title="bbox 343 693 1405 793; baseline -0.005 -21"><span class='ocrx_word' id='word_1_6' title='bbox 343 699 481 773; x_wconf 87' lang='lat' dir='ltr'><strong>nandas</strong></span> <span class='ocrx_word' id='word_1_7' title='bbox 504 719 625 787; x_wconf 85' lang='lat' dir='ltr'><strong>escas,</strong></span> <span class='ocrx_word' id='word_1_8' title='bbox 644 711 680 768; x_wconf 89' lang='lat' dir='ltr'><strong>et</strong></span> <span class='ocrx_word' id='word_1_9' title='bbox 698 718 780 793; x_wconf 74' lang='lat' dir='ltr'><strong>quae</strong></span> <span class='ocrx_word' id='word_1_10' title='bbox 796 694 960 767; x_wconf 87' lang='lat' dir='ltr'><strong>humano</strong></span> <span class='ocrx_word' id='word_1_11' title='bbox 976 694 1056 766; x_wconf 91' lang='lat' dir='ltr'><strong>usui</strong></span> <span class='ocrx_word' id='word_1_12' title='bbox 1073 693 1222 766; x_wconf 89' lang='lat' dir='ltr'><strong>minime</strong></span> <span class='ocrx_word' id='word_1_13' title='bbox 1247 719 1323 769; x_wconf 87' lang='lat' dir='ltr'><strong>esse</strong></span> <span class='ocrx_word' id='word_1_14' title='bbox 1345 719 1405 767; x_wconf 83' lang='lat' dir='ltr'><strong>so·</strong></span> 
     </span>
     <span class='ocr_line' id='line_1_3' title="bbox 341 811 1407 914; baseline -0.006 -20"><span class='ocrx_word' id='word_1_15' title='bbox 341 811 439 912; x_wconf 91' lang='lat' dir='ltr'><strong>lent,</strong></span> <span class='ocrx_word' id='word_1_16' title='bbox 471 817 735 914; x_wconf 83' lang='lat' dir='ltr'><strong>constringente</strong></span> <span class='ocrx_word' id='word_1_17' title='bbox 756 815 859 889; x_wconf 86' lang='lat' dir='ltr'><strong>samis</strong></span> <span class='ocrx_word' id='word_1_18' title='bbox 874 814 1016 908; x_wconf 87' lang='lat' dir='ltr'><strong>inedia,</strong></span> <span class='ocrx_word' id='word_1_19' title='bbox 1036 829 1260 912; x_wconf 90' lang='lat' dir='ltr'><strong>urgerentur.</strong></span> <span class='ocrx_word' id='word_1_20' title='bbox 1281 820 1407 888; x_wconf 79' lang='lat' dir='ltr'>Fertur</span> 
     </span>
     <span class='ocr_line' id='line_1_4' title="bbox 341 931 1407 1011; baseline -0.007 0"><span class='ocrx_word' id='word_1_21' title='bbox 341 938 437 1011; x_wconf 88' lang='lat' dir='ltr'><strong>enim</strong></span> <span class='ocrx_word' id='word_1_22' title='bbox 449 937 501 1009; x_wconf 90' lang='lat' dir='ltr'><strong>ibi</strong></span> <span class='ocrx_word' id='word_1_23' title='bbox 519 935 611 1008; x_wconf 91' lang='lat' dir='ltr'><strong>libra</strong></span> <span class='ocrx_word' id='word_1_24' title='bbox 622 933 785 1008; x_wconf 86' lang='lat' dir='ltr'><strong>carnium</strong></span> <span class='ocrx_word' id='word_1_25' title='bbox 797 933 885 1007; x_wconf 89' lang='lat' dir='ltr'><strong>muli</strong></span> <span class='ocrx_word' id='word_1_26' title='bbox 895 934 952 1007; x_wconf 90' lang='lat' dir='ltr'><strong>vel</strong></span> <span class='ocrx_word' id='word_1_27' title='bbox 964 933 1054 1007; x_wconf 87' lang='lat' dir='ltr'><strong>asini</strong></span> <span class='ocrx_word' id='word_1_28' title='bbox 1066 931 1287 1006; x_wconf 87' lang='lat' dir='ltr'><strong>venumdata</strong></span> <span class='ocrx_word' id='word_1_29' title='bbox 1299 932 1407 1006; x_wconf 87' lang='lat' dir='ltr'><strong>luisse</strong></span> 
     </span>
     <span class='ocr_line' id='line_1_5' title="bbox 342 1048 1403 1148; baseline -0.005 -22"><span class='ocrx_word' id='word_1_30' title='bbox 342 1052 462 1128; x_wconf 88' lang='lat' dir='ltr'><strong>medio</strong></span> <span class='ocrx_word' id='word_1_31' title='bbox 480 1051 619 1124; x_wconf 89' lang='lat' dir='ltr'><strong>floreno</strong></span> <span class='ocrx_word' id='word_1_32' title='bbox 640 1048 844 1144; x_wconf 71' lang='lat' dir='ltr'><strong>dragoniae3</strong></span> <span class='ocrx_word' id='word_1_33' title='bbox 868 1073 957 1146; x_wconf 90' lang='lat' dir='ltr'><strong>quas</strong></span> <span class='ocrx_word' id='word_1_34' title='bbox 977 1073 1043 1122; x_wconf 91' lang='lat' dir='ltr'><strong>nec</strong></span> <span class='ocrx_word' id='word_1_35' title='bbox 1059 1073 1127 1148; x_wconf 92' lang='lat' dir='ltr'><strong>pro</strong></span> <span class='ocrx_word' id='word_1_36' title='bbox 1143 1051 1302 1122; x_wconf 90' lang='lat' dir='ltr'><strong>nummis</strong></span> <span class='ocrx_word' id='word_1_37' title='bbox 1318 1049 1403 1137; x_wconf 86' lang='lat' dir='ltr'><strong>suis,</strong></span> 
     </span>
     <span class='ocr_line' id='line_1_6' title="bbox 341 1164 1403 1270; baseline -0.007 -26"><span class='ocrx_word' id='word_1_38' title='bbox 341 1172 405 1270; x_wconf 89' lang='lat' dir='ltr'><strong>qui</strong></span> <span class='ocrx_word' id='word_1_39' title='bbox 433 1166 623 1269; x_wconf 83' lang='lat' dir='ltr'><strong>cupiebat,</strong></span> <span class='ocrx_word' id='word_1_40' title='bbox 654 1165 874 1263; x_wconf 84' lang='lat' dir='ltr'><strong>frequentius</strong></span> <span class='ocrx_word' id='word_1_41' title='bbox 898 1164 1043 1238; x_wconf 88' lang='lat' dir='ltr'><strong>venales</strong></span> <span class='ocrx_word' id='word_1_42' title='bbox 1063 1178 1204 1264; x_wconf 89' lang='lat' dir='ltr'><strong>poterat</strong></span> <span class='ocrx_word' id='word_1_43' title='bbox 1228 1165 1403 1239; x_wconf 87' lang='lat' dir='ltr'><strong>invenire.</strong></span> 
     </span>
    </p>
   </div>
   <div class='ocr_carea' id='block_1_3' title="bbox 340 1279 1409 2069">
    <p class='ocr_par' dir='ltr' id='par_1_3' title="bbox 340 1279 1409 2069">
     <span class='ocr_line' id='line_1_7' title="bbox 341 1279 1407 1378; baseline -0.007 -19"><span class='ocrx_word' id='word_1_44' title='bbox 341 1285 412 1359; x_wconf 85' lang='lat' dir='ltr'><strong>Sed</strong></span> <span class='ocrx_word' id='word_1_45' title='bbox 434 1308 518 1357; x_wconf 89' lang='lat' dir='ltr'><strong>cum</strong></span> <span class='ocrx_word' id='word_1_46' title='bbox 541 1281 710 1358; x_wconf 88' lang='lat' dir='ltr'><strong>adversus</strong></span> <span class='ocrx_word' id='word_1_47' title='bbox 733 1281 889 1352; x_wconf 85' lang='lat' dir='ltr'><strong>Francos</strong></span> <span class='ocrx_word' id='word_1_48' title='bbox 919 1279 1122 1378; x_wconf 81' lang='lat' dir='ltr'><strong>frequenter</strong></span> <span class='ocrx_word' id='word_1_49' title='bbox 1149 1281 1345 1370; x_wconf 81' lang='lat' dir='ltr'><strong>insilirent,</strong></span> <span class='ocrx_word' id='word_1_50' title='bbox 1377 1281 1407 1353; x_wconf 85' lang='lat' dir='ltr'><strong>si</strong></span> 
     </span>
     <span class='ocr_line' id='line_1_8' title="bbox 340 1394 1408 1496; baseline -0.007 -21"><span class='ocrx_word' id='word_1_51' title='bbox 340 1401 398 1475; x_wconf 90' lang='lat' dir='ltr'><strong>vel</strong></span> <span class='ocrx_word' id='word_1_52' title='bbox 421 1401 580 1490; x_wconf 90' lang='lat' dir='ltr'><strong>asinum,</strong></span> <span class='ocrx_word' id='word_1_53' title='bbox 608 1397 667 1470; x_wconf 89' lang='lat' dir='ltr'><strong>vel</strong></span> <span class='ocrx_word' id='word_1_54' title='bbox 693 1394 790 1469; x_wconf 91' lang='lat' dir='ltr'><strong>aliud</strong></span> <span class='ocrx_word' id='word_1_55' title='bbox 816 1395 1021 1492; x_wconf 89' lang='lat' dir='ltr'><strong>jumentum</strong></span> <span class='ocrx_word' id='word_1_56' title='bbox 1047 1395 1094 1468; x_wconf 87' lang='lat' dir='ltr'><strong>ad</strong></span> <span class='ocrx_word' id='word_1_57' title='bbox 1116 1420 1155 1469; x_wconf 85' lang='lat' dir='ltr'><strong>se</strong></span> <span class='ocrx_word' id='word_1_58' title='bbox 1181 1396 1323 1469; x_wconf 81' lang='lat' dir='ltr'><strong>trahere</strong></span> <span class='ocrx_word' id='word_1_59' title='bbox 1344 1421 1408 1496; x_wconf 71' lang='lat' dir='ltr'><strong>pc</strong></span> 
     </span>
     <span class='ocr_line' id='line_1_9' title="bbox 341 1510 1405 1614; baseline -0.006 -25"><span class='ocrx_word' id='word_1_60' title='bbox 341 1515 511 1606; x_wconf 90' lang='lat' dir='ltr'><strong>tuissent,</strong></span> <span class='ocrx_word' id='word_1_61' title='bbox 539 1538 606 1614; x_wconf 92' lang='lat' dir='ltr'><strong>pro</strong></span> <span class='ocrx_word' id='word_1_62' title='bbox 641 1537 717 1585; x_wconf 94' lang='lat' dir='ltr'><strong>non</strong></span> <span class='ocrx_word' id='word_1_63' title='bbox 739 1511 883 1584; x_wconf 91' lang='lat' dir='ltr'><strong>modico</strong></span> <span class='ocrx_word' id='word_1_64' title='bbox 913 1510 1004 1584; x_wconf 93' lang='lat' dir='ltr'><strong>illud</strong></span> <span class='ocrx_word' id='word_1_65' title='bbox 1028 1525 1165 1612; x_wconf 82' lang='lat' dir='ltr'><strong>tropaeo</strong></span> <span class='ocrx_word' id='word_1_66' title='bbox 1190 1510 1405 1586; x_wconf 81' lang='lat' dir='ltr'><strong>ducebatur.</strong></span> 
     </span>
     <span class='ocr_line' id='line_1_10' title="bbox 342 1629 1408 1730; baseline -0.003 -23"><span class='ocrx_word' id='word_1_67' title='bbox 342 1631 521 1707; x_wconf 82' lang='lat' dir='ltr'><strong>Nonnulla</strong></span> <span class='ocrx_word' id='word_1_68' title='bbox 544 1631 595 1706; x_wconf 88' lang='lat' dir='ltr'><strong>eis</strong></span> <span class='ocrx_word' id='word_1_69' title='bbox 615 1629 797 1704; x_wconf 90' lang='lat' dir='ltr'><strong>interdum</strong></span> <span class='ocrx_word' id='word_1_70' title='bbox 815 1629 965 1728; x_wconf 89' lang='lat' dir='ltr'><strong>alicujus</strong></span> <span class='ocrx_word' id='word_1_71' title='bbox 984 1653 1139 1703; x_wconf 79' lang='lat' dir='ltr'><strong>annonae</strong></span> <span class='ocrx_word' id='word_1_72' title='bbox 1163 1631 1321 1730; x_wconf 89' lang='lat' dir='ltr'><strong>provisio</strong></span> <span class='ocrx_word' id='word_1_73' title='bbox 1343 1655 1408 1730; x_wconf 93' lang='lat' dir='ltr'><strong>per</strong></span> 
     </span>
     <span class='ocr_line' id='line_1_11' title="bbox 341 1746 1409 1847; baseline -0.003 -24"><span class='ocrx_word' id='word_1_74' title='bbox 341 1753 533 1826; x_wconf 82' lang='lat' dir='ltr'><strong>Elnensem</strong></span> <span class='ocrx_word' id='word_1_75' title='bbox 546 1749 749 1838; x_wconf 91' lang='lat' dir='ltr'><strong>civitatem,</strong></span> <span class='ocrx_word' id='word_1_76' title='bbox 778 1746 928 1818; x_wconf 76' lang='lat' dir='ltr'><strong>ermari</strong></span> <span class='ocrx_word' id='word_1_77' title='bbox 955 1759 1018 1818; x_wconf 89' lang='lat' dir='ltr'><strong>aut</strong></span> <span class='ocrx_word' id='word_1_78' title='bbox 1038 1747 1274 1846; x_wconf 77' lang='lat' dir='ltr'><strong>Ampuritano</strong></span> <span class='ocrx_word' id='word_1_79' title='bbox 1284 1751 1307 1836; x_wconf 85' lang='lat'><strong>¹,</strong></span> <span class='ocrx_word' id='word_1_80' title='bbox 1325 1772 1409 1847; x_wconf 91' lang='lat' dir='ltr'><strong>pro-</strong></span> 
     </span>
     <span class='ocr_line' id='line_1_12' title="bbox 341 1861 1409 1963; baseline -0.003 -24"><span class='ocrx_word' id='word_1_81' title='bbox 341 1866 538 1941; x_wconf 88' lang='lat' dir='ltr'><strong>veniebat:</strong></span> <span class='ocrx_word' id='word_1_82' title='bbox 564 1886 674 1963; x_wconf 88' lang='lat' dir='ltr'><strong>quam</strong></span> <span class='ocrx_word' id='word_1_83' title='bbox 703 1861 839 1934; x_wconf 88' lang='lat' dir='ltr'><strong>obsessi</strong></span> <span class='ocrx_word' id='word_1_84' title='bbox 866 1873 976 1934; x_wconf 89' lang='lat' dir='ltr'><strong>noctu</strong></span> <span class='ocrx_word' id='word_1_85' title='bbox 1008 1861 1127 1956; x_wconf 88' lang='lat' dir='ltr'><strong>clam,</strong></span> <span class='ocrx_word' id='word_1_86' title='bbox 1153 1887 1219 1961; x_wconf 91' lang='lat' dir='ltr'><strong>per</strong></span> <span class='ocrx_word' id='word_1_87' title='bbox 1242 1862 1346 1937; x_wconf 85' lang='lat' dir='ltr'><strong>devia</strong></span> <span class='ocrx_word' id='word_1_88' title='bbox 1371 1879 1409 1938; x_wconf 91' lang='lat' dir='ltr'><strong>et</strong></span> 
     </span>
     <span class='ocr_line' id='line_1_13' title="bbox 343 1976 1409 2069; baseline -0.003 -13"><span class='ocrx_word' id='word_1_89' title='bbox 343 1981 460 2056; x_wconf 86' lang='lat' dir='ltr'><strong>varios</strong></span> <span class='ocrx_word' id='word_1_90' title='bbox 481 1981 649 2051; x_wconf 88' lang='lat' dir='ltr'><strong>itinerum</strong></span> <span class='ocrx_word' id='word_1_91' title='bbox 671 1976 871 2069; x_wconf 83' lang='lat' dir='ltr'><strong>anfractus,</strong></span> <span class='ocrx_word' id='word_1_92' title='bbox 891 1977 985 2049; x_wconf 90' lang='lat' dir='ltr'><strong>intra</strong></span> <span class='ocrx_word' id='word_1_93' title='bbox 1000 2001 1064 2050; x_wconf 85' lang='lat' dir='ltr'><strong>sua</strong></span> <span class='ocrx_word' id='word_1_94' title='bbox 1081 1977 1214 2051; x_wconf 89' lang='lat' dir='ltr'><strong>moenia</strong></span> <span class='ocrx_word' id='word_1_95' title='bbox 1230 2003 1314 2052; x_wconf 91' lang='lat' dir='ltr'><strong>cum</strong></span> <span class='ocrx_word' id='word_1_96' title='bbox 1331 2003 1409 2053; x_wconf 90' lang='lat' dir='ltr'><strong>ma·</strong></span> 
     </span>
    </p>
   </div>
   <div class='ocr_carea' id='block_1_4' title="bbox 342 2092 1488 2304">
    <p class='ocr_par' dir='ltr' id='par_1_4' title="bbox 342 2092 1488 2304">
     <span class='ocr_line' id='line_1_14' title="bbox 342 2092 1488 2194; baseline -0.003 -25"><span class='ocrx_word' id='word_1_97' title='bbox 342 2097 422 2194; x_wconf 90' lang='lat' dir='ltr'><strong>gnis</strong></span> <span class='ocrx_word' id='word_1_98' title='bbox 439 2094 603 2194; x_wconf 90' lang='lat' dir='ltr'><strong>periculis</strong></span> <span class='ocrx_word' id='word_1_99' title='bbox 621 2092 817 2190; x_wconf 88' lang='lat' dir='ltr'><strong>aliquando</strong></span> <span class='ocrx_word' id='word_1_100' title='bbox 830 2093 1069 2187; x_wconf 79' lang='lat' dir='ltr'><strong>invehebant3</strong></span> <span class='ocrx_word' id='word_1_101' title='bbox 1089 2093 1153 2166; x_wconf 88' lang='lat' dir='ltr'><strong>sed</strong></span> <span class='ocrx_word' id='word_1_102' title='bbox 1168 2092 1205 2166; x_wconf 92' lang='lat' dir='ltr'><strong>id</strong></span> <span class='ocrx_word' id='word_1_103' title='bbox 1221 2117 1305 2167; x_wconf 88' lang='lat' dir='ltr'><strong>raro</strong></span> <span class='ocrx_word' id='word_1_104' title='bbox 1318 2109 1355 2167; x_wconf 85' lang='lat' dir='ltr'><strong>et</strong></span> <span class='ocrx_word' id='word_1_105' title='bbox 1370 2095 1408 2167; x_wconf 93' lang='lat' dir='ltr'><strong>in</strong></span> <span class='ocrx_word' id='word_1_106' title='bbox 1482 2098 1488 2106; x_wconf 75' lang='grc'><strong>“</strong></span> 
     </span>
     <span class='ocr_line' id='line_1_15' title="bbox 342 2203 1411 2304; baseline -0.003 -22"><span class='ocrx_word' id='word_1_107' title='bbox 342 2225 417 2282; x_wconf 88' lang='lat' dir='ltr'><strong>tam</strong></span> <span class='ocrx_word' id='word_1_108' title='bbox 434 2207 559 2304; x_wconf 84' lang='lat' dir='ltr'><strong>exigua</strong></span> <span class='ocrx_word' id='word_1_109' title='bbox 575 2206 786 2303; x_wconf 86' lang='lat' dir='ltr'><strong>quantitate,</strong></span> <span class='ocrx_word' id='word_1_110' title='bbox 810 2229 891 2303; x_wconf 82' lang='lat' dir='ltr'><strong>quae</strong></span> <span class='ocrx_word' id='word_1_111' title='bbox 905 2229 973 2279; x_wconf 91' lang='lat' dir='ltr'><strong>nec</strong></span> <span class='ocrx_word' id='word_1_112' title='bbox 991 2207 1058 2278; x_wconf 92' lang='lat' dir='ltr'><strong>toti</strong></span> <span class='ocrx_word' id='word_1_113' title='bbox 1076 2203 1227 2278; x_wconf 83' lang='lat' dir='ltr'><strong>obsessae</strong></span> <span class='ocrx_word' id='word_1_114' title='bbox 1243 2207 1411 2280; x_wconf 90' lang='lat' dir='ltr'><strong>multitu-</strong></span> 
     </span>
    </p>
   </div>
   <div class='ocr_carea' id='block_1_5' title="bbox 342 2320 1411 3583">
    <p class='ocr_par' dir='ltr' id='par_1_5' title="bbox 343 2320 1410 2514">
     <span class='ocr_line' id='line_1_16' title="bbox 344 2320 1410 2423; baseline -0.002 -25"><span class='ocrx_word' id='word_1_115' title='bbox 344 2325 440 2418; x_wconf 86' lang='lat' dir='ltr'><strong>dini,</strong></span> <span class='ocrx_word' id='word_1_116' title='bbox 464 2347 554 2412; x_wconf 92' lang='lat' dir='ltr'><strong>nec‚</strong></span> <span class='ocrx_word' id='word_1_117' title='bbox 580 2320 648 2394; x_wconf 88' lang='lat' dir='ltr'><strong>nisi</strong></span> <span class='ocrx_word' id='word_1_118' title='bbox 665 2320 712 2393; x_wconf 88' lang='lat' dir='ltr'><strong>ad</strong></span> <span class='ocrx_word' id='word_1_119' title='bbox 740 2320 925 2393; x_wconf 90' lang='lat' dir='ltr'><strong>modicum</strong></span> <span class='ocrx_word' id='word_1_120' title='bbox 953 2335 1121 2421; x_wconf 90' lang='lat' dir='ltr'><strong>tempus,</strong></span> <span class='ocrx_word' id='word_1_121' title='bbox 1149 2320 1315 2396; x_wconf 84' lang='lat' dir='ltr'><strong>sufficere</strong></span> <span class='ocrx_word' id='word_1_122' title='bbox 1341 2347 1410 2423; x_wconf 87' lang='lat' dir='ltr'><strong>po·</strong></span> 
     </span>
     <span class='ocr_line' id='line_1_17' title="bbox 343 2443 482 2514; baseline -0.014 0"><span class='ocrx_word' id='word_1_123' title='bbox 343 2443 482 2514; x_wconf 86' lang='lat' dir='ltr'><strong>tuisset.</strong></span> 
     </span>
    </p>

    <p class='ocr_par' dir='ltr' id='par_1_6' title="bbox 342 2553 1411 3583">
     <span class='ocr_line' id='line_1_18' title="bbox 394 2553 1406 2651; baseline -0.001 -23"><span class='ocrx_word' id='word_1_124' title='bbox 394 2557 630 2631; x_wconf 88' lang='lat' dir='ltr'><strong>Persistebant</strong></span> <span class='ocrx_word' id='word_1_125' title='bbox 646 2568 765 2628; x_wconf 87' lang='lat' dir='ltr'><strong>tamen</strong></span> <span class='ocrx_word' id='word_1_126' title='bbox 784 2554 905 2648; x_wconf 86' lang='lat' dir='ltr'><strong>etiam,</strong></span> <span class='ocrx_word' id='word_1_127' title='bbox 924 2553 961 2625; x_wconf 91' lang='lat' dir='ltr'><strong>in</strong></span> <span class='ocrx_word' id='word_1_128' title='bbox 978 2567 1078 2628; x_wconf 85' lang='lat' dir='ltr'><strong>tanta</strong></span> <span class='ocrx_word' id='word_1_129' title='bbox 1092 2577 1213 2627; x_wconf 90' lang='lat' dir='ltr'><strong>rerum</strong></span> <span class='ocrx_word' id='word_1_130' title='bbox 1231 2555 1406 2651; x_wconf 87' lang='lat' dir='ltr'><strong>angustia,</strong></span> 
     </span>
     <span class='ocr_line' id='line_1_19' title="bbox 342 2669 1410 2769; baseline -0.002 -21"><span class='ocrx_word' id='word_1_131' title='bbox 342 2699 381 2748; x_wconf 87' lang='lat' dir='ltr'><strong>se</strong></span> <span class='ocrx_word' id='word_1_132' title='bbox 396 2699 480 2747; x_wconf 88' lang='lat' dir='ltr'><strong>eum</strong></span> <span class='ocrx_word' id='word_1_133' title='bbox 493 2695 558 2744; x_wconf 89' lang='lat' dir='ltr'><strong>suo</strong></span> <span class='ocrx_word' id='word_1_134' title='bbox 575 2696 657 2769; x_wconf 89' lang='lat' dir='ltr'><strong>rege</strong></span> <span class='ocrx_word' id='word_1_135' title='bbox 676 2670 823 2743; x_wconf 89' lang='lat' dir='ltr'><strong>viriliter</strong></span> <span class='ocrx_word' id='word_1_136' title='bbox 840 2669 1054 2762; x_wconf 80' lang='lat' dir='ltr'><strong>detendere;</strong></span> <span class='ocrx_word' id='word_1_137' title='bbox 1073 2685 1111 2744; x_wconf 89' lang='lat' dir='ltr'><strong>et</strong></span> <span class='ocrx_word' id='word_1_138' title='bbox 1125 2669 1308 2746; x_wconf 89' lang='lat' dir='ltr'><strong>interdum</strong></span> <span class='ocrx_word' id='word_1_139' title='bbox 1324 2697 1410 2746; x_wconf 90' lang='lat' dir='ltr'><strong>cum</strong></span> 
     </span>
     <span class='ocr_line' id='line_1_20' title="bbox 343 2786 1410 2887; baseline -0.003 -23"><span class='ocrx_word' id='word_1_140' title='bbox 343 2814 476 2887; x_wconf 88' lang='lat' dir='ltr'><strong>magno</strong></span> <span class='ocrx_word' id='word_1_141' title='bbox 501 2789 643 2886; x_wconf 84' lang='lat' dir='ltr'><strong>agmine</strong></span> <span class='ocrx_word' id='word_1_142' title='bbox 665 2813 686 2860; x_wconf 94' lang='lat' dir='ltr'><strong>e</strong></span> <span class='ocrx_word' id='word_1_143' title='bbox 708 2787 823 2886; x_wconf 91' lang='lat' dir='ltr'><strong>portis</strong></span> <span class='ocrx_word' id='word_1_144' title='bbox 849 2800 1091 2885; x_wconf 86' lang='lat' dir='ltr'><strong>erumpentes,</strong></span> <span class='ocrx_word' id='word_1_145' title='bbox 1116 2786 1348 2887; x_wconf 88' lang='lat' dir='ltr'><strong>quamplures</strong></span> <span class='ocrx_word' id='word_1_146' title='bbox 1366 2813 1410 2861; x_wconf 83' lang='lat' dir='ltr'><strong>ex</strong></span> 
     </span>
     <span class='ocr_line' id='line_1_21' title="bbox 343 2903 1411 3005; baseline -0.003 -24"><span class='ocrx_word' id='word_1_147' title='bbox 343 2907 526 3000; x_wconf 87' lang='lat' dir='ltr'><strong>hostibus,</strong></span> <span class='ocrx_word' id='word_1_148' title='bbox 554 2905 750 3005; x_wconf 81' lang='lat' dir='ltr'><strong>praesertim</strong></span> <span class='ocrx_word' id='word_1_149' title='bbox 768 2906 797 2977; x_wconf 91' lang='lat' dir='ltr'><strong>si</strong></span> <span class='ocrx_word' id='word_1_150' title='bbox 815 2918 1052 3001; x_wconf 84' lang='lat' dir='ltr'><strong>evagarentur</strong></span> <span class='ocrx_word' id='word_1_151' title='bbox 1074 2904 1252 2978; x_wconf 88' lang='lat' dir='ltr'><strong>incautius</strong></span> <span class='ocrx_word' id='word_1_152' title='bbox 1268 2920 1305 2979; x_wconf 86' lang='lat' dir='ltr'><strong>et</strong></span> <span class='ocrx_word' id='word_1_153' title='bbox 1324 2903 1411 2978; x_wconf 92' lang='lat' dir='ltr'><strong>lon-</strong></span> 
     </span>
     <span class='ocr_line' id='line_1_22' title="bbox 344 3019 1410 3124; baseline -0.004 -26"><span class='ocrx_word' id='word_1_154' title='bbox 344 3025 423 3124; x_wconf 89' lang='lat' dir='ltr'><strong>gius</strong></span> <span class='ocrx_word' id='word_1_155' title='bbox 438 3049 458 3097; x_wconf 89' lang='lat' dir='ltr'><strong>e</strong></span> <span class='ocrx_word' id='word_1_156' title='bbox 474 3023 597 3097; x_wconf 88' lang='lat' dir='ltr'><strong>castris</strong></span> <span class='ocrx_word' id='word_1_157' title='bbox 616 3047 693 3096; x_wconf 88' lang='lat' dir='ltr'><strong>sese</strong></span> <span class='ocrx_word' id='word_1_158' title='bbox 710 3019 958 3110; x_wconf 76' lang='lat' dir='ltr'><strong>effunderent,</strong></span> <span class='ocrx_word' id='word_1_159' title='bbox 982 3019 1210 3122; x_wconf 89' lang='lat' dir='ltr'><strong>perimebant</strong></span> <span class='ocrx_word' id='word_1_160' title='bbox 1226 3021 1283 3094; x_wconf 93' lang='lat' dir='ltr'><strong>vel</strong></span> <span class='ocrx_word' id='word_1_161' title='bbox 1300 3021 1410 3094; x_wconf 92' lang='lat' dir='ltr'><strong>duce·</strong></span> 
     </span>
     <span class='ocr_line' id='line_1_23' title="bbox 344 3135 1411 3245; baseline -0.005 -30"><span class='ocrx_word' id='word_1_162' title='bbox 344 3141 433 3215; x_wconf 88' lang='lat' dir='ltr'><strong>bant</strong></span> <span class='ocrx_word' id='word_1_163' title='bbox 457 3141 638 3239; x_wconf 72' lang='lat' dir='ltr'><strong>captivos,</strong></span> <span class='ocrx_word' id='word_1_164' title='bbox 669 3140 718 3245; x_wconf 85' lang='lat' dir='ltr'><strong>ita</strong></span> <span class='ocrx_word' id='word_1_165' title='bbox 744 3135 977 3236; x_wconf 89' lang='lat' dir='ltr'><strong>quodetiam</strong></span> <span class='ocrx_word' id='word_1_166' title='bbox 1007 3136 1146 3236; x_wconf 91' lang='lat' dir='ltr'><strong>aliquot</strong></span> <span class='ocrx_word' id='word_1_167' title='bbox 1169 3138 1215 3211; x_wconf 91' lang='lat' dir='ltr'><strong>de</strong></span> <span class='ocrx_word' id='word_1_168' title='bbox 1245 3135 1411 3210; x_wconf 86' lang='lat' dir='ltr'><strong>hostibus</strong></span> 
     </span>
     <span class='ocr_line' id='line_1_24' title="bbox 343 3235 1410 3356; baseline -0.006 -26"><span class='ocrx_word' id='word_1_169' title='bbox 343 3235 555 3356; x_wconf 55' lang='lat' dir='ltr'><strong>milliasper</strong></span> <span class='ocrx_word' id='word_1_170' title='bbox 566 3256 682 3327; x_wconf 87' lang='lat' dir='ltr'><strong>varias</strong></span> <span class='ocrx_word' id='word_1_171' title='bbox 698 3253 815 3343; x_wconf 87' lang='lat' dir='ltr'><strong>vices,</strong></span> <span class='ocrx_word' id='word_1_172' title='bbox 834 3252 1032 3328; x_wconf 87' lang='lat' dir='ltr'><strong>trucidasse</strong></span> <span class='ocrx_word' id='word_1_173' title='bbox 1049 3254 1274 3345; x_wconf 83' lang='lat' dir='ltr'><strong>serebantur,</strong></span> <span class='ocrx_word' id='word_1_174' title='bbox 1293 3269 1329 3328; x_wconf 91' lang='lat' dir='ltr'><strong>et</strong></span> <span class='ocrx_word' id='word_1_175' title='bbox 1344 3253 1410 3327; x_wconf 92' lang='lat' dir='ltr'><strong>ali·</strong></span> 
     </span>
     <span class='ocr_line' id='line_1_25' title="bbox 344 3368 1411 3472; baseline -0.003 -28"><span class='ocrx_word' id='word_1_176' title='bbox 344 3371 493 3470; x_wconf 90' lang='lat' dir='ltr'><strong>quando</strong></span> <span class='ocrx_word' id='word_1_177' title='bbox 505 3371 550 3443; x_wconf 90' lang='lat' dir='ltr'><strong>de</strong></span> <span class='ocrx_word' id='word_1_178' title='bbox 563 3370 752 3472; x_wconf 87' lang='lat' dir='ltr'><strong>praecipuis</strong></span> <span class='ocrx_word' id='word_1_179' title='bbox 762 3368 917 3442; x_wconf 91' lang='lat' dir='ltr'><strong>militum</strong></span> <span class='ocrx_word' id='word_1_180' title='bbox 926 3373 1146 3445; x_wconf 80' lang='lat' dir='ltr'><strong>Francorum</strong></span> <span class='ocrx_word' id='word_1_181' title='bbox 1156 3368 1310 3444; x_wconf 89' lang='lat' dir='ltr'><strong>ducibus</strong></span> <span class='ocrx_word' id='word_1_182' title='bbox 1321 3395 1411 3442; x_wconf 89' lang='lat' dir='ltr'><strong>nun-</strong></span> 
     </span>
     <span class='ocr_line' id='line_1_26' title="bbox 343 3484 878 3583; baseline -0.009 -24"><span class='ocrx_word' id='word_1_183' title='bbox 343 3486 465 3559; x_wconf 91' lang='lat' dir='ltr'><strong>nullos</strong></span> <span class='ocrx_word' id='word_1_184' title='bbox 480 3484 672 3559; x_wconf 81' lang='lat' dir='ltr'><strong>abduxisse</strong></span> <span class='ocrx_word' id='word_1_185' title='bbox 683 3485 845 3583; x_wconf 88' lang='lat' dir='ltr'><strong>captivos</strong></span> <span class='ocrx_word' id='word_1_186' title='bbox 854 3486 878 3554; x_wconf 84' lang='lat'><strong>¹.</strong></span> 
     </span>
    </p>
   </div>
   <div class='ocr_carea' id='block_1_6' title="bbox 341 3767 1413 4385">
    <p class='ocr_par' dir='ltr' id='par_1_7' title="bbox 341 3767 1411 4032">
     <span class='ocr_line' id='line_1_27' title="bbox 383 3767 1411 3849; baseline -0.001 -15"><span class='ocrx_word' id='word_1_187' title='bbox 383 3777 412 3833; x_wconf 84' lang='lat' dir='ltr'><strong>l.</strong></span> <span class='ocrx_word' id='word_1_188' title='bbox 435 3776 569 3834; x_wconf 80' lang='lat' dir='ltr'><strong>Elaensr‘s</strong></span> <span class='ocrx_word' id='word_1_189' title='bbox 578 3777 689 3846; x_wconf 78' lang='lat' dir='ltr'><strong>civitas,</strong></span> <span class='ocrx_word' id='word_1_190' title='bbox 702 3770 731 3831; x_wconf 91' lang='lat' dir='ltr'><strong>la</strong></span> <span class='ocrx_word' id='word_1_191' title='bbox 743 3767 814 3830; x_wconf 84' lang='lat' dir='ltr'><strong>ville</strong></span> <span class='ocrx_word' id='word_1_192' title='bbox 832 3767 997 3849; x_wconf 71' lang='lat' dir='ltr'><strong>episcopale</strong></span> <span class='ocrx_word' id='word_1_193' title='bbox 1010 3767 1124 3847; x_wconf 83' lang='lat' dir='ltr'><strong>d&#39;lllue,</strong></span> <span class='ocrx_word' id='word_1_194' title='bbox 1139 3771 1327 3847; x_wconf 86' lang='lat' dir='ltr'><strong>aujourd&#39;hui</strong></span> <span class='ocrx_word' id='word_1_195' title='bbox 1339 3772 1411 3833; x_wconf 81' lang='lat' dir='ltr'><strong>daus</strong></span> 
     </span>
     <span class='ocr_line' id='line_1_28' title="bbox 341 3857 1410 3943; baseline -0.005 -19"><span class='ocrx_word' id='word_1_196' title='bbox 341 3868 369 3925; x_wconf 86' lang='lat' dir='ltr'><strong>le</strong></span> <span class='ocrx_word' id='word_1_197' title='bbox 383 3861 583 3943; x_wconf 70' lang='lat' dir='ltr'><strong>departement</strong></span> <span class='ocrx_word' id='word_1_198' title='bbox 599 3861 651 3920; x_wconf 81' lang='lat' dir='ltr'><strong>des</strong></span> <span class='ocrx_word' id='word_1_199' title='bbox 665 3857 1001 3938; x_wconf 54' lang='lat' dir='ltr'><strong>Pyrenea-orientalem</strong></span> <span class='ocrx_word' id='word_1_200' title='bbox 1017 3864 1255 3936; x_wconf 80' lang='lat' dir='ltr'><strong>Ampurtteaum,</strong></span> <span class='ocrx_word' id='word_1_201' title='bbox 1275 3859 1303 3919; x_wconf 88' lang='lat' dir='ltr'><strong>le</strong></span> <span class='ocrx_word' id='word_1_202' title='bbox 1316 3861 1410 3919; x_wconf 69' lang='lat' dir='ltr'><strong>comte</strong></span> 
     </span>
     <span class='ocr_line' id='line_1_29' title="bbox 342 3947 1129 4032; baseline -0.005 -17"><span class='ocrx_word' id='word_1_203' title='bbox 342 3951 529 4032; x_wconf 74' lang='lat' dir='ltr'><strong>d&#39;Ampurias</strong></span> <span class='ocrx_word' id='word_1_204' title='bbox 542 3971 581 4012; x_wconf 93' lang='lat' dir='ltr'><strong>ou</strong></span> <span class='ocrx_word' id='word_1_205' title='bbox 597 3947 820 4029; x_wconf 86' lang='lat' dir='ltr'><strong>Lampourdan,</strong></span> <span class='ocrx_word' id='word_1_206' title='bbox 833 3948 905 4008; x_wconf 87' lang='lat' dir='ltr'><strong>dans</strong></span> <span class='ocrx_word' id='word_1_207' title='bbox 919 3949 948 4007; x_wconf 75' lang='lat' dir='ltr'><strong>l&#39;a</strong></span> <span class='ocrx_word' id='word_1_208' title='bbox 962 3949 1129 4030; x_wconf 80' lang='lat' dir='ltr'><strong>catalogue.</strong></span> 
     </span>
    </p>

    <p class='ocr_par' dir='ltr' id='par_1_8' title="bbox 341 4034 1413 4385">
     <span class='ocr_line' id='line_1_30' title="bbox 382 4034 1413 4122; baseline -0.004 -18"><span class='ocrx_word' id='word_1_209' title='bbox 382 4045 413 4105; x_wconf 74' lang='lat'><strong>2.</strong></span> <span class='ocrx_word' id='word_1_210' title='bbox 433 4047 475 4104; x_wconf 88' lang='lat' dir='ltr'><strong>Le</strong></span> <span class='ocrx_word' id='word_1_211' title='bbox 499 4040 635 4122; x_wconf 84' lang='lat' dir='ltr'><strong>seigneur</strong></span> <span class='ocrx_word' id='word_1_212' title='bbox 655 4037 696 4098; x_wconf 92' lang='lat' dir='ltr'><strong>du</strong></span> <span class='ocrx_word' id='word_1_213' title='bbox 717 4040 779 4097; x_wconf 81' lang='lat' dir='ltr'><strong>Lau</strong></span> <span class='ocrx_word' id='word_1_214' title='bbox 797 4037 972 4112; x_wconf 71' lang='lat' dir='ltr'><strong>lui-meme,</strong></span> <span class='ocrx_word' id='word_1_215' title='bbox 994 4034 1067 4097; x_wconf 89' lang='lat' dir='ltr'><strong>dans</strong></span> <span class='ocrx_word' id='word_1_216' title='bbox 1091 4058 1149 4099; x_wconf 88' lang='lat' dir='ltr'><strong>une</strong></span> <span class='ocrx_word' id='word_1_217' title='bbox 1172 4038 1261 4099; x_wconf 85' lang='lat' dir='ltr'><strong>sortie</strong></span> <span class='ocrx_word' id='word_1_218' title='bbox 1285 4039 1357 4119; x_wconf 82' lang='lat' dir='ltr'><strong>qu’il</strong></span> <span class='ocrx_word' id='word_1_219' title='bbox 1379 4039 1413 4100; x_wconf 84' lang='lat' dir='ltr'><strong>fit</strong></span> 
     </span>
     <span class='ocr_line' id='line_1_31' title="bbox 342 4125 1411 4210; baseline -0.007 -15"><span class='ocrx_word' id='word_1_220' title='bbox 342 4136 410 4195; x_wconf 87' lang='lat' dir='ltr'><strong>hors</strong></span> <span class='ocrx_word' id='word_1_221' title='bbox 429 4133 470 4194; x_wconf 91' lang='lat' dir='ltr'><strong>du</strong></span> <span class='ocrx_word' id='word_1_222' title='bbox 483 4130 616 4205; x_wconf 75' lang='lat' dir='ltr'><strong>chateau,</strong></span> <span class='ocrx_word' id='word_1_223' title='bbox 631 4149 662 4190; x_wconf 81' lang='lat' dir='ltr'><strong>se</strong></span> <span class='ocrx_word' id='word_1_224' title='bbox 680 4127 765 4189; x_wconf 85' lang='lat' dir='ltr'><strong>laissa</strong></span> <span class='ocrx_word' id='word_1_225' title='bbox 778 4125 904 4208; x_wconf 85' lang='lat' dir='ltr'><strong>prendre</strong></span> <span class='ocrx_word' id='word_1_226' title='bbox 924 4145 978 4206; x_wconf 84' lang='lat' dir='ltr'><strong>par</strong></span> <span class='ocrx_word' id='word_1_227' title='bbox 996 4147 1055 4188; x_wconf 88' lang='lat' dir='ltr'><strong>une</strong></span> <span class='ocrx_word' id='word_1_228' title='bbox 1074 4129 1246 4210; x_wconf 87' lang='lat' dir='ltr'><strong>compaguie</strong></span> <span class='ocrx_word' id='word_1_229' title='bbox 1264 4129 1301 4190; x_wconf 87' lang='lat' dir='ltr'><strong>de</strong></span> <span class='ocrx_word' id='word_1_230' title='bbox 1318 4130 1411 4209; x_wconf 78' lang='lat' dir='ltr'><strong>parti-</strong></span> 
     </span>
     <span class='ocr_line' id='line_1_32' title="bbox 341 4215 1410 4304; baseline -0.007 -18"><span class='ocrx_word' id='word_1_231' title='bbox 341 4244 407 4286; x_wconf 78' lang='lat' dir='ltr'><strong>seue</strong></span> <span class='ocrx_word' id='word_1_232' title='bbox 418 4223 469 4304; x_wconf 90' lang='lat' dir='ltr'><strong>qui</strong></span> <span class='ocrx_word' id='word_1_233' title='bbox 483 4221 575 4284; x_wconf 78' lang='lat' dir='ltr'><strong>s’dtait</strong></span> <span class='ocrx_word' id='word_1_234' title='bbox 588 4219 699 4282; x_wconf 72' lang='lat' dir='ltr'><strong>formes</strong></span> <span class='ocrx_word' id='word_1_235' title='bbox 712 4238 779 4279; x_wconf 80' lang='lat' dir='ltr'><strong>eous</strong></span> <span class='ocrx_word' id='word_1_236' title='bbox 792 4218 820 4278; x_wconf 84' lang='lat' dir='ltr'><strong>le</strong></span> <span class='ocrx_word' id='word_1_237' title='bbox 834 4236 902 4278; x_wconf 84' lang='lat' dir='ltr'><strong>nom</strong></span> <span class='ocrx_word' id='word_1_238' title='bbox 917 4215 954 4278; x_wconf 86' lang='lat' dir='ltr'><strong>de</strong></span> <span class='ocrx_word' id='word_1_239' title='bbox 966 4219 1095 4292; x_wconf 72' lang='lat' dir='ltr'><strong>taeqrtt</strong></span> <span class='ocrx_word' id='word_1_240' title='bbox 1112 4218 1261 4299; x_wconf 78' lang='lat' dir='ltr'><strong>(laquais).</strong></span> <span class='ocrx_word' id='word_1_241' title='bbox 1278 4217 1410 4280; x_wconf 78' lang='lat' dir='ltr'><strong>Relation</strong></span> 
     </span>
     <span class='ocr_line' id='line_1_33' title="bbox 342 4309 652 4385; baseline -0.013 -13"><span class='ocrx_word' id='word_1_242' title='bbox 342 4312 438 4372; x_wconf 76' lang='lat' dir='ltr'><strong>d’tnt.</strong></span> <span class='ocrx_word' id='word_1_243' title='bbox 455 4316 572 4385; x_wconf 67' lang='lat' dir='ltr'><strong>Putet,</strong></span> <span class='ocrx_word' id='word_1_244' title='bbox 588 4309 609 4370; x_wconf 91' lang='grc'><strong>1.</strong></span> <span class='ocrx_word' id='word_1_245' title='bbox 626 4329 652 4368; x_wconf 81' lang='lat' dir='ltr'><strong>c.</strong></span> 
     </span>
    </p>
   </div>
   <div class='ocr_carea' id='block_1_7' title="bbox 0 0 1650 5168">
    <p class='ocr_par' dir='ltr' id='par_1_9' title="bbox 0 0 1650 5168">
     <span class='ocr_line' id='line_1_34' title="bbox 0 0 1650 5168; baseline 0 0"><span class='ocrx_word' id='word_1_246' title='bbox 0 0 1650 5168; x_wconf 95' lang='lat' dir='ltr'><strong> </strong></span> 
     </span>
    </p>
   </div>
  </div>
 </body>
</html>
