3272 5182
584 547 693 602 LIBER
712 501 875 602 munus.
1200 545 1258 602 2³5

204 678 390 768 Balduiu0,
410 676 562 750 naturali
578 677 675 748 trani
690 677 848 774 ejusdem
871 679 1002 751 ducis¹.
1022 677 1094 765 Qui
1117 675 1260 749 Baldui-

205 818 286 884 nus,
302 794 445 890 juvenis
456 791 747 888 juvenilibusque
764 792 987 890 passionibus
1003 792 1183 879 subditus,
1201 817 1260 865 ve-

205 907 317 980 nandi
340 922 375 984 et
393 907 583 1002 sagittandi
607 907 779 978 exercitiis
797 907 992 1004 plurimum
1013 909 1153 980 deditus
1169 924 1256 982 erat.

207 1027 326 1121 lpsum
339 1025 471 1119 itaque,
487 1024 571 1118 quia
583 1022 681 1094 lratri
696 1048 762 1094 suo
778 1024 861 1094 duci
876 1025 959 1094 satis
975 1023 1155 1097 familiaris
1168 1040 1257 1114 erat,

207 1154 378 1235 tanquam
405 1152 652 1238 opportunum
673 1139 838 1236 patrandi
858 1139 997 1211 sceleris
1021 1153 1058 1211 et
1084 1139 1260 1212 damnan-

207 1252 262 1326 dae
279 1277 349 1326 suae
367 1253 641 1326 machinationis
656 1253 950 1342 instrumentum,
970 1254 1127 1351 praedicti
1147 1269 1262 1326 trans-

208 1370 296 1468 fugae
313 1368 361 1442 ad
381 1369 667 1444 interficiendum
684 1382 720 1440 et
736 1369 1032 1465 exstinguendum
1054 1369 1262 1469 praedictum

208 1486 354 1578 ducem,
374 1485 516 1560 fratrem
542 1510 666 1576 suum,
689 1509 763 1556 uno
785 1485 841 1556 vel
857 1484 926 1556 alio
950 1486 1079 1575 modo,
1099 1502 1140 1558 ut
1157 1511 1262 1558 suum

208 1616 388 1700 praestaret
411 1627 595 1674 assensum
615 1601 857 1699 pellexerunt,
888 1601 954 1672 sibi
984 1627 1049 1701 per
1076 1604 1262 1676 internun-

210 1719 277 1789 tios
300 1717 504 1790 intimantes
527 1717 679 1814 qualiter
702 1722 921 1788 Francorum
946 1742 1029 1808 rex,
1049 1719 1108 1789 cui
1126 1718 1172 1789 ad
1188 1743 1264 1788 ser-

210 1836 380 1908 viendum
408 1861 445 1908 se
472 1835 700 1925 addixerant,
738 1859 867 1930 magna
898 1849 1071 1906 terrarum
1104 1834 1265 1906 dominia

210 1977 427 2049 magnasque
451 1953 686 2050 pecuniarum
712 1968 746 2023 et
771 1952 989 2049 pensionum
1013 1975 1170 2022 summas
1197 1949 1264 2021 sibi

209 2069 377 2141 daturum
405 2070 644 2164 promitteret,
667 2069 778 2140 modo
805 2067 937 2166 praelati
965 2067 1078 2156 ducis,
1106 2067 1264 2164 germani

209 2185 286 2271 sui,
304 2209 431 2257 necem
447 2186 521 2283 ipse
538 2183 723 2282 perficeret
733 2184 755 2253 ¹.

209 2397 407 2472 chambellan,
428 2399 545 2458 messire
559 2397 721 2470 Anthoine,
735 2396 851 2458 bastard
870 2399 906 2457 de
921 2404 1128 2478 Bourgougne,
1149 2409 1178 2456 et
1190 2417 1266 2476 gou-

209 2509 335 2548 verneur
349 2487 385 2547 de
401 2489 428 2547 la
443 2507 586 2568 personne
600 2487 635 2545 do
650 2508 744 2546 mons.
760 2488 907 2566 Philippes
922 2485 958 2546 de
971 2489 1096 2562 lleures,
1113 2507 1166 2546 son
1179 2485 1234 2546 fils.
1250 2511 1264 2536 ι·

210 2585 305 2640 lettre
322 2579 361 2638 du
376 2580 432 2638 duc
446 2579 482 2638 de
495 2583 669 2658 Bourgogne
685 2576 724 2636 du
738 2581 774 2638 ta
789 2578 852 2636 dec.
872 2581 960 2636 tito.
977 2578 1096 2648 Duclos,
1113 2597 1236 2656 preuves
1251 2579 1267 2634 a

212 2668 358 2726 l’Histoire
371 2673 407 2728 de
419 2672 506 2727 Louis
517 2673 573 2728 XI.

252 2763 281 2818 l.
308 2785 320 2810 ιι
339 2763 407 2840 ng
425 2779 504 2818 assez
521 2759 623 2831 jeusne
639 2769 722 2817 autre
733 2757 857 2842 bastard
878 2758 915 2816 de
933 2757 1132 2835 Bourgoigne,
1152 2756 1268 2814 nomme

212 2847 330 2906 messire
341 2847 507 2926 Baudewyu
519 2846 555 2907 de
568 2847 651 2922 Lille,
665 2868 716 2926 soy
730 2860 828 2906 tenant
839 2867 982 2924 avecques
993 2865 1046 2905 son
1060 2847 1136 2904 frere
1148 2844 1175 2903 le
1187 2857 1271 2924 grant

212 2933 377 2997 bastard...
394 2939 447 2996 fier
461 2937 614 2996 duremeut
629 2948 658 2994 et
672 2935 709 2994 de
722 2949 807 3016 grant
819 2957 899 3008 cuer,
914 2936 959 2996 coi
972 2948 1001 2994 et
1013 2947 1134 2994 convert
1148 2936 1185 2993 de
1198 2954 1268 2992 cou-

115 3047 119 3057 ’
212 3043 298 3104 rage,
320 3025 391 3084 mais
413 3025 552 3105 poignaut
572 3038 601 3084 et
621 3045 704 3104 aspre
727 3045 764 3084 en
788 3025 909 3103 parnlle.
931 3049 944 3082 r
969 3024 1160 3100 Chastellain,
1184 3022 1269 3095 ibid,

212 3133 238 3172 c.
255 3133 371 3174 cexxxr.
974 3171 981 3182 ,

253 3207 283 3264 2.
306 3207 381 3264 C’est
393 3204 422 3262 la
432 3203 549 3262 version
561 3202 710 3281 repandae
725 3224 777 3283 par
790 3205 817 3264 le
830 3205 886 3264 duc
899 3204 935 3264 de
946 3209 1119 3283 Bourgogne
1132 3221 1166 3261 en
1180 3193 1272 3260 forme

215 3291 251 3351 de
264 3291 429 3368 manileste,
444 3305 473 3361 et
488 3292 538 3369 qui
551 3293 601 3350 fait
613 3290 712 3364 l’objet
725 3294 762 3352 de
776 3293 803 3352 la
817 3294 900 3353 lettre
916 3293 952 3353 de
967 3293 1087 3363 Duclos,
1105 3291 1169 3365 deja
1185 3309 1271 3349 men-

214 3382 397 3444 tionnee.1Le
419 3380 488 3439 tecit
506 3380 542 3439 de
561 3379 752 3452 Chastellain,
769 3381 834 3460 plus
857 3381 1060 3440 circonstancie
1082 3394 1110 3440 et
1131 3381 1196 3460 plus
1210 3399 1273 3438 rno-

214 3470 299 3544 dere,
315 3471 414 3530 derive
430 3469 598 3528 neanmoins
614 3467 649 3527 de
667 3469 697 3527 la
715 3473 810 3529 meme
828 3491 940 3534 source.
954 3475 1032 3530 Nous
1045 3490 1135 3530 avons
1148 3487 1270 3542 encore,

214 3579 264 3618 sur
283 3573 357 3620 cette
375 3559 492 3629 assaire,
512 3557 589 3616 deux
608 3558 706 3616 lettres
724 3556 764 3616 du
782 3558 881 3618 batard
902 3559 1032 3620 Baudoiu
1053 3572 1082 3618 et
1095 3558 1131 3618 de
1147 3563 1218 3617 Jeau
1236 3557 1274 3616 de

213 3650 334 3722 Chassa,
352 3649 442 3707 ubils
461 3667 492 3707 se
510 3646 662 3707 defendent
677 3647 789 3704 d’avoir
803 3648 905 3720 jamnis
922 3648 1010 3726 pense
1028 3667 1065 3705 au
1078 3647 1168 3705 crime
1184 3649 1273 3722 qu’ou

213 3738 277 3797 leur
293 3737 418 3816 impote,
434 3749 463 3794 et
476 3735 608 3808 rejettent
623 3755 673 3793 sur
687 3736 714 3794 le
731 3735 786 3794 duc
801 3737 837 3793 de
850 3740 1022 3816 Bourgogne
1037 3735 1080 3793 les
1095 3734 1274 3793 accusatione

213 3829 255 3888 les
267 3829 332 3906 plus
343 3828 416 3886 sales
427 3841 456 3886 et
469 3825 511 3884 les
524 3827 589 3904 plus
601 3823 866 3884 invraisemblables
878 3831 886 3893 l
892 3827 1009 3900 Duclos,
1023 3845 1147 3904 preuves
1157 3827 1173 3882 a
1185 3825 1275 3881 l’He's-

214 3922 283 3978 coire
300 3923 337 3976 de
353 3926 439 3978 Lonis
458 3922 529 3991 XI).
549 3922 589 3976 En
612 3917 708 3976 bonne
724 3918 860 3995 critique,
878 3918 897 3976 il
915 3931 957 3976 est
972 3918 1087 3978 difficile
1103 3917 1275 3976 d'admettre

214 4022 296 4068 autre
310 4009 397 4068 chose
409 4013 499 4085 qu’un
512 4021 574 4067 acte
587 4007 624 4066 de
638 4007 792 4078 defection,
807 4009 961 4086 interprete
974 4013 1028 4087 par
1041 4009 1068 4066 le
1079 4007 1135 4064 duc
1149 4005 1231 4064 selon
1241 4024 1275 4063 ce

214 4118 272 4174 que
286 4098 329 4156 lui
346 4097 539 4176 suggeraitsa
557 4097 668 4171 colere,
689 4109 716 4155 et
733 4097 809 4156 aussi
827 4098 905 4168 selon
922 4098 951 4156 le
970 4097 1048 4156 desit
1062 4097 1190 4155 extreme
1203 4093 1274 4171 qu'il

215 4188 292 4246 avait
307 4187 450 4258 d’etablir,
465 4205 521 4244 aux
537 4205 614 4263 yeux
627 4186 663 4245 de
677 4187 825 4264 l’Europe,
840 4207 897 4264 que
909 4187 998 4248 Iouis
1012 4191 1055 4245 Xl
1068 4184 1276 4262 complotaitsu

216 4289 301 4335 mort.
316 4277 373 4336 Des
387 4276 414 4334 le
426 4275 499 4333 mois
512 4274 548 4334 de
558 4275 622 4348 juin
636 4277 726 4348 tato,
742 4293 780 4334 uu
794 4276 959 4355 vagabund,
973 4276 1090 4335 nomme
1100 4279 1172 4333 Jeau
1186 4277 1273 4346 Roes,
