3402 5186
386 525 424 580 64
656 525 911 583 flrsromxnult
931 525 1107 585 Lnnovlcx
1127 529 1170 585 x1
1192 546 1197 555 ·
1225 535 1230 543 ¹

385 657 448 751 qui
474 657 570 727 intus
601 680 679 729 eam
706 672 806 728 erant
835 657 1019 729 Gallorum
1049 658 1176 730 milites
1203 663 1440 762 nonnullique

384 772 564 856 Catalani,
600 774 662 868 qui
691 798 758 845 suo
789 775 862 868 regi
888 798 1028 872 semper
1053 774 1162 846 fidem
1191 796 1436 870 servaverant,

385 910 514 982 magna
534 889 569 959 vi
591 888 837 986 industriaque
857 904 964 985 atque
985 889 1165 986 vigilantia
1186 891 1436 987 defensabant,

384 1001 477 1073 aedes
506 1005 633 1076 multas
660 1005 811 1097 civium,
835 1029 914 1100 quae
937 1006 1126 1076 viciniores
1150 1009 1223 1078 arci
1245 1023 1364 1100 erant,
1392 1012 1438 1081 si-

385 1117 526 1189 milibus
563 1118 741 1190 bellorum
780 1119 955 1190 machinis
990 1119 1170 1192 diruentes
1203 1136 1310 1219 atque
1344 1124 1439 1197 infe-

383 1247 527 1306 stantes.
598 1249 603 1262 ‘
825 1245 836 1279 f

432 1353 523 1421 Cum
540 1365 658 1420 antem
675 1349 720 1422 de
736 1373 881 1421 suorum
895 1349 1145 1445 hujuscemodi
1159 1352 1319 1448 periculo
1333 1359 1439 1426 Fran-

371 1488 511 1548 corum
527 1489 588 1536 rex
605 1467 735 1537 certior
755 1463 867 1538 factus*
885 1465 1022 1557 fuisset,
1041 1467 1145 1537 certis
1161 1490 1204 1537 ex
1220 1492 1292 1539 suae
1308 1468 1439 1542 militiae

383 1580 536 1653 ducibus
552 1580 734 1652 mandavit
750 1595 925 1678 qnatenus
938 1605 1092 1680 propere
1107 1580 1154 1652 ad
1170 1581 1356 1655 ferendum
1373 1585 1437 1657 ob·

384 1699 488 1770 sessis
503 1698 627 1769 solatia
643 1711 881 1770 occurrerent.
892 1698 964 1766 'Cui
980 1711 1157 1796 praecepto
1172 1698 1382 1772 obedienter
1395 1725 1438 1773 ac

383 1814 508 1887 sedulo
535 1813 841 1910 obtemperantes,
869 1811 915 1883 ad
938 1812 1223 1884 Narbonensium
1244 1813 1332 1886 lines
1353 1840 1436 1888 eon·

384 1932 456 2003 cito
474 1924 585 2026 gradu
602 1928 828 2000 advolarunt.
849 1932 944 1999 lnter
959 1952 1050 2024 qnos
1070 1931 1270 2026 praecipuus
1290 1945 1325 2002 et
1341 1933 1439 2029 prin-

384 2044 507 2141 cipalis
526 2043 638 2116 adluit
657 2043 727 2114 dux
746 2043 1006 2132 Nemorsensis,
1026 2066 1146 2114 comes
1162 2045 1326 2116 lllarchiae
1342 2062 1377 2118 et
1394 2047 1439 2120 de

388 2161 548 2232 Castris¹.
579 2158 777 2259 Exploratis
800 2159 905 2254 igitur
934 2183 997 2256 per
1023 2159 1161 2254 aliquos
1186 2184 1349 2233 cursores
1369 2161 1439 2234 ho-

388 2277 495 2348 stium
512 2276 651 2367 castris,
674 2275 711 2344 in
728 2272 954 2371 quibuscum
974 2273 1148 2346 Catalanis
1165 2288 1199 2347 et
1215 2274 1286 2352 loci
1302 2275 1439 2350 civibus

385 2407 486 2466 erant
511 2408 547 2464 et
566 2417 642 2463 esse
663 2389 868 2463 ferebantur
887 2404 1042 2486 quatuor
1064 2403 1126 2461 aut
1148 2391 1306 2487 quinque
1330 2390 1439 2464 millia

383 2508 693 2609 stipendiariorum
717 2533 760 2580 ex
780 2531 890 2605 regno
913 2504 1090 2592 castellae,
1117 2531 1160 2576 ex
1183 2506 1331 2578 diversis
1353 2507 1439 2578 locis
1479 2593 1482 2602 ,

383 2627 475 2700 Galli
507 2626 552 2699 ad
584 2626 787 2698 condictam
816 2624 945 2695 horam
980 2622 1016 2692 in
1051 2647 1164 2695 unum
1196 2622 1357 2717 collecti,
1392 2625 1438 2697 ad

382 2742 540 2815 hostium
567 2758 680 2815 castra
708 2741 856 2839 propius
880 2763 917 2808 se
942 2737 1191 2808 admoverunt.
1217 2743 1304 2826 Quae
1328 2752 1438 2811 noctu

384 2859 555 2957 aggressi,
579 2859 725 2929 viriliter
743 2869 850 2949 atque
869 2853 1029 2924 animose
1045 2877 1248 2952 expugnare
1266 2869 1436 2952 pergunt,

385 2988 421 3045 et
433 2972 551 3069 jacula
565 2987 670 3068 atque
686 2968 827 3040 missilia
844 2969 880 3039 in
895 2967 1016 3039 hostes
1030 2968 1211 3063 jacientes,
1226 2985 1261 3041 et
1275 2971 1439 3041 cominus

384 3091 489 3163 etiam
510 3087 625 3159 contis
644 3100 678 3157 et
697 3083 861 3155 districtis
878 3083 1001 3178 gladiis
1016 3085 1110 3156 viam
1136 3084 1202 3156 sibi
1220 3087 1434 3184 aperientes,

383 3205 515 3295 hostes,
535 3202 597 3299 qui
611 3224 631 3271 a
647 3200 731 3271 loris
742 3223 861 3294 arcem
875 3198 1064 3296 cingebant
1078 3215 1113 3271 et
1127 3197 1316 3293 bastiliam,
1329 3226 1438 3298 quam

383 3321 486 3393 valde
508 3318 681 3390 munitam
698 3339 781 3386 cum
797 3339 927 3410 magno
947 3339 1074 3412 aggere
1091 3315 1160 3387 illic
1178 3331 1435 3405 exstruxerant,

384 3436 586 3524 servabant,
606 3434 723 3531 lugam
742 3431 898 3526 arripere
916 3444 1120 3528 coegerunt.
1140 3434 1302 3518 Quorum
1319 3430 1439 3528 plures

385 3551 560 3652 perempti
585 3549 727 3620 fuerunt
747 3561 821 3619 tarn
847 3545 892 3618 ab
915 3545 983 3617 illis
1006 3547 1068 3642 qui
1091 3561 1370 3644 supervenerant
1391 3545 1439 3618 ad

383 3692 590 3742 succursum
609 3663 761 3738 obsessis
778 3659 982 3752 ferendum,
1001 3686 1109 3758 quam
1125 3665 1231 3734 etiam
1248 3662 1360 3734 abeis
1377 3661 1439 3757 qui

382 3787 419 3857 in
444 3809 525 3856 arce
546 3782 679 3854 obsessi
702 3780 859 3868 fuerant3
885 3777 962 3874 qui,
989 3776 1075 3849 dum
1096 3777 1178 3849 talia
1193 3802 1260 3875 pro
1278 3801 1315 3848 se
1333 3801 1439 3874 gere-

383 3915 520 3993 rentur,
539 3924 612 3970 non
632 3896 840 3996 torpebant,
862 3893 924 3965 sed
941 3918 1008 3991 pro
1025 3918 1087 3964 sua
1105 3894 1216 3965 salute
1234 3919 1309 3964 non
1326 3893 1435 3992 pigri,

384 4017 513 4116 quibos
532 4028 698 4115 poterant
713 4012 847 4104 modis,
870 4033 936 4108 pro
959 4008 1129 4080 molestiis
1148 4024 1256 4106 atque
1275 4006 1438 4106 periculis

423 4205 450 4257 t.
472 4202 594 4276 Jacques
608 4195 821 4273 d'Armagnac,
836 4189 892 4248 duc
903 4186 940 4246 de
953 4191 1109 4262 Nemours,
1124 4201 1218 4247 comte
1231 4186 1268 4245 de
1280 4185 1309 4244 la
1322 4185 1438 4244 Marche

381 4299 410 4348 ot
422 4287 459 4347 de
472 4292 592 4352 Cestros.
