3384 5184
347 492 384 549 00
619 491 877 550 fllstomlnutt
896 490 1076 549 LUDOVICI
1095 492 1139 549 x1

348 624 438 723 regis
454 622 501 695 ad
517 623 614 696 diem
630 637 857 720 sequentem,
876 623 975 720 juxta
992 645 1034 694 ea
1045 646 1130 720 ⁴quae
1148 622 1408 712 insinuaverat,

348 738 576 840 operiebatur
606 738 813 812 adventum.
850 743 927 838 lpse
960 751 1079 812 autem
1112 737 1412 836 Burgundionum

348 856 440 946 dux,
462 855 534 928 hoc
553 855 682 927 nuntio
700 868 869 953 accepto,
892 879 968 926 non
990 855 1182 926 immemor
1200 853 1412 926 insidiarum

348 987 383 1045 et
391 971 467 1045 doli
479 970 609 1070 quibus
620 971 760 1068 genitor
771 995 856 1042 suus
868 969 1237 1069 fueretinteremptus,
1249 983 1412 1040 metuens

349 1114 394 1162 ne
418 1103 454 1160 et
475 1087 562 1181 sibi,
588 1083 897 1184 quemadmodum
922 1087 1029 1158 unico
1056 1087 1132 1182 ejus
1156 1085 1251 1175 filio,
1277 1085 1413 1159 insidiae

349 1205 481 1305 pariter
507 1202 754 1294 tenderentur,
784 1227 859 1274 non
889 1216 1094 1301 exspectato
1115 1202 1209 1300 regis
1229 1200 1409 1294 adventu,

233 1311 237 1318 ⁴
350 1321 472 1396 relicto
498 1320 676 1410 Hesdino,
703 1317 858 1390 Insulas¹
882 1333 935 1390 est
959 1318 1154 1422 proiectus.
1179 1322 1270 1389 Cum
1293 1331 1413 1389 autem

350 1437 425 1533 ejus
442 1461 618 1508 recessum
637 1461 698 1507 rex
721 1435 962 1531 cognovisset,
986 1435 1092 1508 simul
1114 1435 1222 1507 etiam
1246 1434 1345 1530 quod
1367 1434 1413 1508 de

350 1551 503 1645 insidiis,
519 1577 606 1651 ¹quae
627 1551 752 1623 comiti
772 1550 817 1623 de
839 1551 1025 1622 Chorolois
1045 1565 1176 1650 paratae
1197 1549 1353 1641 fuerant,
1378 1565 1414 1622 et

350 1668 516 1766 captione
533 1665 692 1740 Bastardi
709 1665 754 1738 de
773 1664 974 1763 Rubemprd
988 1691 1138 1738 currens
1160 1665 1296 1764 ubique
1320 1663 1414 1738 fama

351 1808 415 1858 ora
438 1784 603 1856 omnium
626 1783 843 1881 compleret,
867 1781 1015 1855 dimissa
1037 1779 1214 1868 Picardia,
1241 1781 1279 1852 in
1304 1785 1414 1853 Fran·

351 1901 461 1990 ciam,
479 1899 648 1988 Turonis,
668 1911 720 1971 est
737 1921 900 1968 reversus
907 1899 931 1967 ¹.

692 2237 956 2341 carnutum
970 2237 1093 2306 xxvi.

354 2442 393 2495 ne
404 2439 534 2512 legatione
548 2457 564 2491 a
577 2457 639 2510 rege
650 2438 728 2491 missa
740 2437 775 2492 ad
788 2439 956 2512 Philippum,
966 2440 1127 2515 Burgundiae
1144 2439 1255 2511 ducem
1269 2455 1296 2496 et
1313 2444 1417 2499 comitis

390 2522 426 2598 de
444 2522 590 2588 Chorolois,
610 2520 659 2575 filii
675 2521 733 2588 sui,
748 2540 841 2576 coram
857 2536 932 2595 patre
950 2541 1000 2577 suo
1015 2523 1200 2591 accusatione,
1218 2523 1352 2596 ipsiusque
1369 2525 1418 2579 lilii

390 2601 561 2674 responsione
571 2614 649 2673 atque
661 2600 824 2657 defensione.

404 2788 484 2856 Non
501 2782 616 2880 multo
633 2796 728 2881 post,
747 2784 891 2855 mittens
909 2807 969 2854 rex
985 2785 1201 2880 legationem
1218 2785 1417 2862 solemnem

355 2901 402 2975 ad
423 2900 554 2973 ducem
572 2899 814 2994 Burgundiae⁸‚
833 2923 978 2972 omnem
999 2901 1209 2974 insidiarum
1224 2913 1260 2973 et
1271 2901 1348 2974 doli
1361 2929 1419 2976 su-

355 3016 554 3116 spicionem
575 3013 712 3086 diluere
727 3011 938 3087 conabatur.
956 3019 1114 3088 Fuerunt
1133 3017 1171 3088 in
1184 3042 1228 3091 ea
1241 3016 1419 3115 legatione

355 3158 477 3208 comes
498 3132 543 3204 de
564 3133 692 3226 lugd,
715 3131 1007 3230 archiepiscopus
1027 3133 1284 3206 Narbonensis⁸
1303 3149 1338 3208 et
1354 3161 1420 3208 ve-

355 3248 525 3323 nerahilis
550 3249 623 3338 vir,
652 3245 825 3319 dominus
852 3251 976 3319 Petrus
1001 3248 1047 3321 de
1079 3249 1286 3342 Morvs'lls'er,
1311 3277 1420 3350 quem

355 3366 608 3439 cancellarium
622 3363 775 3436 Franciae
789 3364 1034 3457 constituerat,
1053 3381 1176 3440 amoto
1193 3365 1342 3464 alioqui
1358 3367 1421 3441 diu
1537 3459 1540 3472 Ι

355 3482 394 3553 in
411 3505 456 3552 eo
471 3480 591 3552 ollicio
606 3479 806 3552 servivisset
818 3479 910 3578 patri
925 3482 1020 3552 suo⁸.
1037 3485 1104 3554 Per
1120 3507 1183 3554 eos
1201 3482 1309 3580 igitur
1327 3481 1421 3580 lega·

398 3700 428 3756 l.
450 3696 546 3755 Plutdt
564 3698 701 3772 Insulam,
718 3694 805 3756 Lille.

398 3789 428 3847 2.
450 3785 656 3864 compareris
676 3784 747 3844 reicit
766 3783 833 3844 bien
847 3783 913 3863 plus
930 3795 1015 3844 exact
1035 3782 1071 3844 de
1092 3786 1221 3868 Georges
1244 3785 1420 3848 Chastellain

357 3881 426 3953 (111·
438 3875 541 3957 partie,
556 3875 605 3937 ch.
619 3877 733 3948 xxxrx).

401 3972 431 4030 3.
455 3972 534 4025 Dans
550 3963 592 4024 les
607 3963 748 4044 premiers
759 3963 840 4038 jours
854 3963 891 4022 de
904 3961 1064 4022 novembre
1081 3965 1172 4023 tttt.

387 4062 429 4118 ’1.
453 4055 572 4117 Cherles
587 4053 726 4128 d'Artois,
741 4065 836 4113 comte
852 4052 937 4112 d’Eu.

401 4151 431 4208 5.
453 4143 555 4207 C'etait
570 4163 611 4203 un
624 4140 773 4204 Normand
788 4141 890 4221 appele
905 4139 1028 4200 Antoine
1040 4139 1081 4200 du
1095 4141 1305 4221 Ber-Gremio,

401 4237 431 4293 6.
454 4237 527 4311 Voy.
545 4230 701 4303 ridemus,
714 4251 745 4310 p.
761 4232 811 4291 25.
