3282 5168
380 482 438 540 336
652 475 907 535 fllsroulultun
928 475 1105 532 LUDOVICI
1124 475 1167 532 xt
1230 513 1232 516 -

379 625 502 686 carent
528 609 598 682 illic
630 631 759 705 magna
789 605 942 678 militum
968 602 1150 704 praesidia,
1187 603 1441 708 undecumque

381 738 572 826 potuerant
603 722 858 812 collectorum,
893 720 955 818 qui
988 719 1253 791 adnumerum
1284 717 1379 791 mille
1406 731 1442 788 et

380 841 687 938 octingentorum,
706 850 832 936 praete'r
856 834 928 908 loci
954 833 1115 928 accolas,
1135 834 1327 908 ascendere
1349 834 1442 908 sere-

379 954 524 1029 bantur.
588 971 590 976 “

636 1167 1088 1258 'mmmm

382 1385 422 1437 De
433 1380 601 1454 providentia
612 1392 637 1434 et
649 1378 778 1434 industria
792 1381 957 1433 obsessorum
975 1391 1000 1431 et
1011 1377 1224 1446 coloniensium,
1240 1389 1266 1431 et
1282 1374 1316 1430 de
1326 1375 1444 1432 adventu

415 1462 581 1536 imperatoris
597 1461 755 1530 Coloniam,
776 1473 853 1531 atque
872 1459 988 1536 exercitu
1001 1477 1080 1531 quem
1097 1478 1130 1512 ex
1142 1469 1198 1512 tote
1210 1475 1284 1530 pune
1299 1457 1443 1512 Germanis

416 1542 471 1596 illic
485 1542 653 1614 congregavit
663 1544 683 1593 ¹.

430 1721 540 1817 Igitur
553 1745 635 1792 cum
653 1717 843 1791 obsidione
869 1699 931 1790 cos
957 1719 1123 1790 cinxisset
1146 1716 1444 1815 Burgundionum

382 1836 476 1930 dux,
499 1851 534 1909 ct
560 1861 708 1934 magnas
724 1835 786 1907 illo
804 1835 926 1932 copias
942 1836 1189 1925 contraxisset,
1208 1850 1282 1907 tam
1297 1858 1447 1906 suorum

383 1951 682 2048 Burgundionum
708 1965 743 2021 et
765 1949 997 2023 Picardorum
1022 1976 1130 2048 qnam
1147 1952 1253 2022 etiam
1276 1950 1448 2022 Italorum

382 2084 417 2142 et
436 2067 644 2163 Anglomm,
662 2091 754 2165 quos
772 2065 818 2136 ad
834 2090 899 2137 sua
916 2065 1057 2139 fovebat
1074 2067 1263 2166 stipendia,
1283 2080 1448 2139 nontam

383 2184 523 2256 facilem
553 2184 664 2282 ipsius
691 2181 816 2280 oppidi
845 2182 1031 2280 comperiit
1062 2182 1365 2281 expugnationem
1391 2181 1449 2254 vel

384 2299 620 2384 deditionem,
639 2296 827 2395 quomodo
844 2298 947 2369 initio
964 2313 1062 2370 ratus
1080 2313 1157 2372 erat
1174 2297 1313 2397 sibique
1334 2299 1451 2372 luerat

384 2429 602 2512 suggestum.
629 2417 719 2486 Nam
738 2413 933 2512 oppidani,
972 2415 1024 2486 uti
1043 2416 1182 2512 egregie
1206 2429 1240 2487 et
1261 2415 1452 2515 opulenter

384 2528 598 2602 victualibus
614 2542 650 2601 et
666 2529 775 2601 armis
797 2543 872 2600 erat
894 2527 1063 2601 refertum
1085 2528 1276 2628 oppidum,
1298 2530 1348 2605 ita
1367 2555 1450 2602 cum

384 2645 570 2738 militibus,
605 2669 697 2743 quos
724 2644 761 2715 in
792 2643 960 2742 praesidio
978 2643 1190 2734 habebant,
1223 2644 1451 2718 solertissime

384 2778 492 2861 atquc
508 2760 753 2833 strenuissime
772 2783 848 2832 sese
871 2761 933 2832 ac¹
955 2759 1131 2859 oppidum
1153 2785 1259 2834 suum
1276 2761 1452 2834 tutaban-

385 2891 456 2950 tur.
478 2881 557 2950 Una
571 2877 667 2949 enim
684 2902 769 2976 pars
782 2901 908 2951 eorum
934 2877 1078 2949 alternis
1092 2877 1244 2970 vicibus,
1260 2903 1402 2979 semper
1415 2880 1451 2952 in

385 2995 565 3069 moenibus
582 3010 688 3093 atque
705 2995 877 3087 turribus,
896 3009 932 3067 et
949 2996 1042 3067 inter
1058 2996 1134 3094 ipsa
1151 2997 1284 3070 moenia
1300 3012 1336 3069 et
1355 3013 1453 3070 ante-

388 3113 558 3218 muraleff,
577 3111 636 3184 die
652 3126 836 3209 noctuque
853 3111 1064 3218 excubabat,
1084 3114 1271 3212 explorare
1287 3139 1361 3187 non
1376 3139 1453 3188 ces·

428 3322 456 3380 1.
481 3315 618 3396 Chapitre
631 3315 767 3393 imprime
777 3315 849 3374 daus
861 3315 1066 3394 l'Amplirst'ma
1074 3320 1243 3392 collectio,t‘.
1257 3321 1307 3396 IV,
1316 3318 1372 3379 col.
1381 3323 1453 3385 775.

428 3409 458 3465 2.
481 3408 532 3464 Ad
544 3403 616 3462 dans
630 3403 659 3462 le
669 3424 725 3465 ms.
978 3423 981 3429 ’

430 3495 458 3554 3.
485 3517 499 3546 r
522 3492 614 3551 Estolt
636 3494 748 3569 Nuysse
772 3492 971 3554 notablement
989 3495 1091 3555 touree
1111 3495 1147 3554 de
1171 3495 1281 3576 pierres
1305 3495 1342 3556 de
1369 3500 1453 3579 gres,

388 3581 595 3661 pnissamment
609 3583 709 3641 murce
723 3581 760 3642 de
774 3583 854 3643 riche
869 3584 1003 3657 lermete,
1018 3585 1130 3658 heulte,
1144 3587 1286 3666 espeisse,
1299 3600 1327 3646 et
1344 3589 1456 3648 renier-

388 3672 439 3731 cee
454 3672 490 3731 de
504 3671 593 3731 sortes
606 3671 748 3732 braiesses
763 3678 914 3756 (parapets
928 3676 1105 3752 anterieurs)
1119 3675 1313 3738 subtelement
1330 3697 1455 3758 compo-

389 3761 452 3820 sees
466 3761 503 3822 de
517 3762 613 3841 pierre
626 3777 655 3821 et
670 3761 707 3822 de
722 3763 836 3844 brique‚
862 3779 892 3824 et
910 3785 946 3824 en
963 3785 1073 3826 aucuns
1090 3766 1181 3840 lieux,
1202 3780 1297 3827 tontes
1313 3768 1453 3843 deterre,

389 3852 526 3912 toumees
541 3855 556 3911 l
573 3852 704 3912 dellence
725 3873 777 3933 par
799 3851 921 3914 mirable
936 3857 1045 3916 artifice
1065 3877 1141 3937 pour
1158 3857 1276 3932 rejetter
1295 3858 1337 3917 les
1354 3859 1455 3918 assail-

389 3941 468 4016 lans,
492 3955 574 4001 entre
599 3943 753 4020 lesquelles
775 3957 804 4004 et
829 3945 944 4006 lesdicts
965 3965 1061 4024 murs,
1078 3968 1099 4026 y
1114 3949 1194 4007 avoit
1217 3949 1343 4008 certains
1367 3950 1455 4009 sesses

390 4030 467 4088 assc's
481 4031 615 4108 parsous;
632 4043 661 4089 et
675 4030 711 4089 de
724 4032 826 4092 rechel
836 4035 957 4096 estoieut
972 4037 1078 4097 devant
1088 4037 1220 4098 lesdictes
1231 4037 1336 4117 brayes
1347 4039 1455 4098 aultres
1503 4105 1510 4122 ι

391 4139 478 4200 grans
500 4121 591 4181 sosses
612 4119 772 4182 d’extreme
792 4125 983 4204 prosondeur,
998 4128 1087 4188 cime‘s
1107 4129 1148 4188 les
1169 4130 1304 4204 aulcuns,
1321 4143 1350 4188 et
1363 4129 1454 4210 pleitu

390 4205 476 4268 d’eau
492 4212 509 4267 l
526 4222 610 4288 grant
623 4211 759 4292 largesse.
779 4238 793 4266 ι
809 4214 939 4289 Molinet,
959 4219 1261 4296 Chronr'quer,l.1,c.
1277 4239 1300 4280 r.
