3272 5182
584 559 694 616 LIBER
712 559 877 617 TERTIUS.
1211 557 1269 614 259

205 687 471 761 infelicitatem?
489 688 583 790 Felix
601 687 776 786 profecto,
796 688 826 760 si
844 688 985 786 quietus
1002 700 1038 759 et
1054 687 1266 785 tranquillus

202 802 387 894 dimissus,
407 827 473 876 nec
489 827 510 874 a
524 801 632 900 longa
648 803 850 902 captivitate
866 801 1017 895 solutus,
1041 802 1078 875 in
1101 826 1166 874 sua
1183 827 1265 876 arce

204 919 474 992 londoniarum
491 920 649 992 reclusus
663 921 863 1011 mansisset,
884 921 1064 992 malorum
1076 944 1265 1019 compara-

202 1035 323 1122 tione,
351 1061 430 1133 quae
448 1036 541 1107 hanc
559 1037 635 1133 ejus
652 1050 944 1110 momentaneam
968 1038 1006 1108 in
1027 1038 1143 1135 regale
1167 1036 1265 1110 fasti·

202 1152 300 1248 gium
329 1153 588 1252 repositionem
621 1154 811 1252 evestigio
836 1168 956 1226 secuta
980 1151 1082 1226 suntf
1116 1153 1264 1226 Felicior

202 1268 336 1340 verosi
363 1270 400 1340 iu
428 1270 665 1359 monasterio,
694 1271 731 1341 in
759 1294 833 1366 quo
857 1295 922 1368 per
949 1281 1091 1369 tempus
1116 1267 1266 1368 aliquod

202 1383 271 1454 sub
295 1383 464 1456 monachi
488 1383 613 1458 habitu
636 1383 822 1457 delituerat
833 1389 855 1472 ¹,
886 1387 923 1456 in
952 1385 1018 1456 Dei
1038 1385 1197 1478 servitio,
1227 1384 1264 1456 iu

203 1523 277 1595 quo
294 1524 435 1572 summa
451 1515 504 1572 est
518 1500 682 1593 libertas,
711 1499 880 1572 omnibus
896 1501 1154 1598 temporalibus
1171 1502 1266 1573 curis

203 1598 354 1708 vacuus,
385 1617 430 1708 in·
448 1615 559 1689 finem
580 1640 694 1712 usque
710 1615 818 1711 hujus
842 1616 1003 1687 mortalis
1020 1641 1090 1688 suae
1107 1619 1265 1714 peregri-

202 1732 357 1804 nationis
375 1731 505 1830 degere
527 1729 721 1831 potuisset!
757 1737 877 1829 Longe
894 1756 980 1803 vero
999 1731 1122 1826 magis,
1151 1731 1180 1802 si
1197 1757 1265 1804 nec

204 1871 364 1945 uuquam
382 1849 429 1921 ad
448 1849 575 1946 regalis
591 1849 736 1947 pondus
753 1848 975 1921 celsitudinis
1004 1862 1112 1945 atque
1137 1847 1267 1920 moles·

203 1966 354 2041 tissimas
376 1993 480 2042 curas
495 1969 719 2042 sustinendas
743 1985 777 2041 et
795 1968 1026 2067 perferendas
1048 1967 1177 2066 jugum
1204 1995 1265 2042 su-

202 2081 338 2173 biisset,
358 2085 502 2182 suisque
519 2086 704 2184 impositas
727 2084 925 2156 cervicibus
942 2081 1187 2182 persensisset!
1212 2090 1266 2156 In·

202 2198 445 2272 felicissimum
474 2202 609 2301 quippe
635 2200 822 2273 infortunii
839 2225 950 2298 genus
976 2215 1029 2273 est
1051 2199 1158 2273 fuisse
1188 2200 1264 2274 feli-

202 2338 293 2387 cem.
313 2315 409 2387 Olim
422 2316 578 2389 duorum
592 2317 925 2416 potentissimorum
937 2341 1132 2411 regnorum
1148 2316 1265 2390 dictus

203 2456 278 2522 rex,
299 2433 454 2505 Franciae
472 2433 605 2505 scilicet
626 2447 662 2504 et
679 2430 820 2528 Angliae,
845 2432 1086 2528 inunctusque
1102 2433 1210 2505 etiam
1226 2434 1264 2504 in

201 2551 421 2620 Francorum
438 2573 559 2644 regem
576 2547 613 2618 in
636 2547 695 2619 illa
716 2547 850 2642 inclyta
869 2561 905 2620 et
927 2547 1023 2642 regia
1047 2547 1264 2620 Parisiorum

204 2663 312 2758 urbe,
341 2689 452 2763 quam
478 2679 557 2736 tum
582 2688 666 2735 cum
690 2686 820 2760 magua
847 2661 1006 2759 ejusdem
1034 2665 1133 2760 regni
1161 2680 1263 2762 parte

201 2782 364 2875 tenebat;
395 2782 458 2854 sed
488 2796 542 2854 tot
568 2796 756 2878 tantasque
788 2779 1022 2879 postmodum
1046 2780 1264 2855 calamitates

201 2899 517 2997 lamentabilesque
532 2923 635 2972 casus
651 2911 817 2996 expertus
834 2911 899 2987 est,
921 2921 1013 2995 quos
1030 2897 1156 2970 afferre
1173 2899 1264 2970 solet

201 3015 340 3088 lubrica
356 3039 496 3114 semper
514 3030 550 3087 et
567 3013 740 3086 instabilis
761 3012 1012 3112 temporalium
1027 3013 1262 3113 imperiorum

201 3131 433 3230 magnitudo,
459 3146 499 3203 ut
523 3128 631 3202 nullis
653 3154 768 3228 prope
795 3128 1024 3228 superiorum
1051 3127 1258 3226 infelicium,

202 3246 247 3320 de
263 3273 420 3346 quorum
441 3246 583 3322 casibus
607 3245 785 3343 tragoediae
807 3247 1019 3344 conscriptae
1042 3259 1127 3318 sunt
1148 3246 1262 3318 innu-

201 3389 322 3455 merae,
343 3365 380 3435 in
407 3364 629 3436 miseriarum
647 3362 877 3436 multitudine
895 3377 931 3434 et
953 3361 1190 3461 amplitudine
1207 3364 1261 3434 in·

201 3481 310 3555 ferior
327 3506 403 3554 esse
423 3480 586 3554 videatur
610 3506 618 3550 ι
641 3478 804 3579 praebens
825 3481 959 3576 tragico
983 3478 1162 3552 scribendi
1186 3495 1260 3553 tam

200 3601 385 3699 copiosam
409 3612 660 3694 extensumque
693 3595 891 3683 materiam,
920 3607 958 3664 ut
979 3593 1025 3666 de
1048 3621 1103 3687 ea,
1132 3596 1259 3694 procul

200 3717 336 3812 dubio,
361 3715 544 3789 innumeri
565 3737 667 3812 paene
687 3725 787 3784 actus
807 3709 895 3808 fingi
914 3724 1022 3808 atque
1038 3713 1162 3812 stringi
1178 3737 1261 3810 pos·

199 3836 282 3908 sint.

249 3955 302 4022 De
316 3975 388 4048 qua
401 3950 467 4021 etsi
479 3949 555 4046 jam
573 3947 685 4020 multa
703 3970 724 4019 a
749 3941 868 4034 nobis,
887 3955 961 4015 tam
980 3944 1017 4016 in
1041 3943 1134 4038 regis
1150 3941 1256 4040 hujus

179 4073 181 4080 “
200 4067 306 4164 gestis
328 4091 437 4164 quam
453 4066 579 4164 optimi
592 4064 647 4137 sui
661 4059 844 4161 genitoris,
863 4059 1034 4134 historica
1056 4060 1260 4133 narratione

242 4304 271 4357 l.
296 4303 368 4376 Voy.
383 4296 545 4372 (li-demus,
559 4317 589 4377 p.
610 4297 658 4354 53.
