3282 5168
369 485 427 544 292
641 487 898 548 fflsromsutttt
917 489 1096 550 Lnnowct
1116 490 1158 548 XI

371 642 477 691 neam
496 617 653 692 facerent
677 617 917 713 deditionem,
943 619 1030 694 dicti
1054 620 1167 694 franci
1188 623 1360 720 sagittarii
1382 626 1430 698 si·

370 736 447 808 mul
465 761 548 808 cum
569 736 640 808 loci
664 737 795 810 accolis
815 737 1007 811 crudeliter
1026 739 1256 833 occiderunt;
1284 755 1319 814 et
1343 769 1431 842 pro-

369 868 492 952 pterea
515 851 594 924 talis
617 850 753 924 eisdem
771 852 979 926 vicissitudo
997 853 1171 927 retributa
1190 855 1269 928 fuit.
1290 861 1330 927 ln
1355 884 1432 956 quo

341 1021 344 1024 -
371 967 533 1067 profecto
559 968 632 1080 dqx
653 967 729 1068 ipse
751 968 1048 1066 Burgundionum
1071 972 1224 1045 nimium
1245 972 1432 1046 crudelem

370 1109 409 1157 se
432 1084 612 1175 ostendit,
651 1099 686 1156 et
716 1083 886 1156 infamem
913 1085 1041 1159 exinde
1066 1103 1191 1160 notam
1220 1091 1428 1182 contraxit3

370 1226 455 1273 nam
467 1201 630 1300 plurimis
642 1199 894 1299 hujuscemodi
912 1202 1042 1276 francis
1062 1202 1250 1300 sagittariis
1270 1201 1435 1279 dexteras

282 1407 287 1422 ι
370 1340 498 1418 manus
515 1317 693 1414 amputari
711 1315 810 1408 fecit,
829 1331 866 1392 et
888 1317 983 1390 intra
1006 1317 1077 1390 loci
1099 1317 1286 1392 ecclesiam
1310 1320 1434 1418 plures

372 1430 574 1506 sacerdotes
590 1445 625 1504 et
642 1430 780 1518 clerici,
801 1433 920 1505 amicti
940 1431 1185 1506 ecclesiasticis
1199 1435 1430 1528 vestimentis,

372 1546 562 1621 crudeliter
578 1548 744 1639 nimium,
764 1549 857 1648 proh
871 1546 991 1622 dolorl
1013 1549 1157 1623 fuerunt
1173 1551 1304 1645 oocisi,
1331 1551 1432 1627 nulla

369 1667 512 1766 penitus
528 1691 646 1764 neque
662 1691 763 1740 sacro
781 1666 862 1740 loco
875 1691 993 1765 neque
1008 1666 1172 1766 religioni
1187 1666 1308 1742 habita
1325 1693 1429 1742 reve-

371 1783 543 1860 rentia¹.¹

418 1900 507 1973 Inde
529 1914 649 1974 autem
671 1924 820 1974 movens
845 1914 1106 1997 consequenter
1125 1915 1257 1994 castra,
1278 1916 1434 1976 metatus

262 2049 283 2082 ι
370 2029 423 2088 est
436 2029 563 2088 contra
579 2014 676 2086 aliud
693 2015 868 2113 oppidum
892 2013 1030 2087 dictum
1055 2020 1164 2111 Roye.
1193 2015 1322 2107 Quod,
1348 2015 1434 2089 licet

265 2111 276 2208 ἶ,
370 2131 489 2204 multis
506 2132 610 2228 regiis
630 2130 801 2230 praesidiis
826 2145 917 2204 esset
940 2131 1134 2222 munitum,
1160 2146 1360 2204 metuentes
1376 2147 1432 2204 ta·

275 2247 288 2340 [¹
369 2271 453 2318 men
472 2248 599 2337 neeis,
618 2247 901 2346 quemamodum
917 2245 1007 2336 aliis,
1026 2247 1261 2346 contingeret,
1281 2245 1434 2320 deditio·

286 2375 294 2423 1
370 2387 455 2436 nem
473 2363 633 2437 lecerunt
652 2364 715 2460 qui
730 2363 802 2436 illic
820 2366 951 2437 erant¹.
977 2363 1086 2452 Quod
1107 2379 1142 2436 et
1165 2363 1325 2437 similiter
1345 2364 1430 2438 secit

371 2477 467 2554 aliud
484 2479 711 2579 oppidulum,
735 2479 1023 2553 Monsdcsiderii⁸
1040 2479 1274 2579 appellatum.

419 2602 501 2687 Quo
522 2612 680 2697 recepto,
699 2596 909 2670 deliberavit
924 2596 1021 2668 idem
1036 2594 1111 2668 dux
1127 2597 1328 2692 Belvacum,
1347 2597 1433 2670 civi·

371 2730 478 2788 tatem
503 2716 707 2812 antiquam,
728 2714 836 2786 etiam
852 2714 1042 2812 impetere;
1063 2713 1157 2787 circa
1182 2737 1293 2813 quam
1317 2729 1434 2790 castra

372 2845 523 2905 metatus
531 2833 554 2923 ⁴,
583 2843 619 2903 et
638 2855 718 2905 eam
748 2844 916 2930 exparte
943 2851 1018 2902 una
1044 2827 1249 2902 obsidione*
1265 2831 1431 2930 cingens,

411 3072 441 3131 l.
462 3066 587 3126 Thomas
606 3065 694 3124 Basin
713 3076 757 3123 est
774 3061 835 3122 loin
850 3061 887 3122 de
903 3062 974 3123 faire
990 3061 1073 3123 saisir
1092 3075 1171 3124 toute
1192 3062 1337 3126 l'horreur
1350 3064 1433 3128 dela

370 3159 448 3240 prise
471 3155 508 3218 dc
532 3155 627 3214 Nesla.
653 3152 716 3212 Elle
736 3163 843 3212 ressort
861 3149 1091 3231 d’uneenquete
1113 3152 1179 3212 taire
1203 3153 1357 3234 cinquante
1379 3175 1434 3216 ans

370 3249 455 3328 apres
466 3242 664 3328 lievenement
676 3255 706 3301 et
721 3243 761 3300 ou
778 3240 875 3299 furent
890 3240 1030 3300 entendus
1044 3251 1108 3300 tous
1125 3239 1167 3300 les
1186 3241 1333 3303 vieillards
1349 3243 1387 3304 de
1404 3247 1434 3305 Ιι

328 3332 345 3354 ”
370 3336 450 3398 ville.
461 3323 503 3396 La
513 3336 708 3396 circonstance
718 3331 758 3393 du
766 3331 871 3390 herent
881 3330 1022 3390 assassinis
1031 3349 1048 3389 a
1057 3341 1119 3388 tout
1130 3329 1195 3389 l'air
1207 3329 1295 3390 d’une
1309 3333 1434 3414 legende

370 3425 514 3507 imaginee
527 3443 602 3505 pour
615 3422 644 3483 la
657 3419 841 3497 justification
859 3417 899 3478 dn
912 3419 969 3479 duc
978 3419 1021 3479 de
1036 3423 1220 3501 Bourgogne.
1237 3425 1313 3482 Tous
1329 3423 1372 3483 les
1386 3424 1434 3483 te·

371 3517 465 3578 moins
477 3516 623 3575 affirment
639 3529 697 3592 que
714 3510 743 3573 le
762 3509 818 3570 duc
833 3509 915 3569 sortit
933 3508 961 3569 le
977 3507 1066 3570 matin
1087 3506 1123 3567 de
1142 3509 1275 3568 Peronne
1291 3529 1364 3570 avec
1379 3531 1434 3572 son

370 3607 468 3665 armes
485 3617 515 3664 et
531 3603 594 3663 rint
608 3600 730 3661 envahir
742 3597 827 3660 Nesle
841 3617 907 3656 sans
920 3615 1015 3656 aucun
1035 3594 1252 3655 avertissement
1267 3597 1432 3676 prealable,

371 3693 488 3773 lorsque
503 3705 565 3752 tout
577 3692 605 3752 lc
619 3690 725 3750 monde
738 3689 837 3770 yetait
849 3687 919 3748 bien
931 3686 1085 3766 tranquille
1100 3705 1151 3746 sur
1163 3686 1192 3745 la
1205 3687 1246 3745 soi
1259 3687 1296 3746 de
1307 3687 1335 3747 la
1350 3692 1434 3750 treve

371 3782 422 3862 qui
435 3780 532 3840 durait
544 3799 660 3840 encore.
680 3783 721 3838 Le
739 3797 882 3838 massacre
895 3778 939 3837 lut
957 3777 983 3836 si
1000 3775 1092 3858 grand
1105 3781 1196 3855 qu’on
1210 3777 1289 3836 avait
1304 3775 1344 3836 du
1361 3797 1433 3860 sang

369 3869 538 3952 par-dessus
561 3869 588 3928 le
610 3867 678 3948 pied
701 3867 772 3928 dans
798 3865 920 3948 l’eglise.
943 3869 1018 3945 Voy.
1043 3863 1071 3925 le
1095 3869 1219 3929 nutrcem
1239 3867 1290 3924 des
1311 3869 1432 3927 comam

367 3961 629 4038 (1853·l>351),n·
645 3963 674 4020 t.
734 4021 736 4026 ,

409 4052 441 4113 2.
462 4054 503 4110 Le
514 4053 553 4108 ut
564 4049 629 4124 juin
643 4049 732 4111 tart.

408 4140 438 4201 3.
460 4138 646 4203 Montdidier.

409 4235 438 4292 l.
461 4235 502 4288 Le
514 4233 552 4289 27
562 4229 638 4304 juin.
