3384 5184
611 531 722 591 LIBER
742 535 944 594 SECUNDUS.
1251 539 1310 596 143

249 662 364 734 tocius
388 673 567 734 maturare
590 661 717 754 vellet,
744 666 901 740 maximo
927 665 1097 738 omuibus
1121 665 1259 740 civibus
1276 681 1312 739 et

247 775 370 874 patriae
393 775 523 848 accolis
548 774 708 850 futurum
733 781 862 853 solatio
883 794 919 853 et
945 779 1130 880 praesidio,
1150 781 1311 880 nihilque

247 915 357 990 super
389 891 560 988 regimine
599 906 635 966 et
667 892 793 967 officiis
817 897 1011 995 provinciae
1037 896 1230 995 disponere
1253 898 1311 971 vel

247 1004 440 1080 decernere
455 1006 577 1098 vellet,
599 1007 735 1102 donec,
754 1010 877 1084 habita
888 1036 953 1110 per
968 1014 1198 1112 semetipsum
1213 1013 1312 1086 urbis

246 1122 493 1221 possessione,
523 1149 608 1198 suos
635 1124 758 1200 fideles
784 1141 820 1200 et
841 1126 1013 1220 devotos,
1037 1130 1101 1226 qui
1125 1129 1164 1200 in
1180 1128 1309 1203 eadem

246 1262 312 1336 per
335 1236 470 1312 multos
488 1238 562 1336 jam
594 1240 670 1314 dies
699 1267 805 1316 suum
823 1243 1027 1340 jucundum
1055 1244 1310 1343 operiebantur

246 1355 462 1446 adveutum,
481 1356 681 1433 audiendos
697 1358 873 1454 duxisset3
894 1362 958 1458 qui
974 1386 1083 1459 super
1098 1363 1219 1436 multis
1243 1362 1310 1435 sibi

246 1496 289 1546 ac
305 1472 373 1546 toti
388 1475 511 1572 patriae
535 1475 770 1550 saluberrima
786 1476 935 1549 consilia
951 1476 1069 1549 daturi
1086 1494 1215 1551 essent.

294 1588 427 1662 Volens
438 1591 545 1688 igitur
558 1592 635 1692 ipse
645 1594 788 1689 juvenis
799 1596 968 1693 princeps
978 1594 1137 1692 optimus
1149 1596 1310 1694 cupiens·

244 1729 317 1803 que
346 1706 420 1778 suis
449 1707 587 1782 civibus
616 1709 861 1810 complacere,
896 1710 944 1784 ad
972 1712 1171 1806 ingressum
1203 1737 1308 1785 suum

244 1821 434 1921 praefinivit
446 1823 556 1899 diem.
577 1830 717 1921 Quem,
735 1853 819 1900 curu
833 1826 1041 1900 observasse
1053 1826 1304 1919 desiderasset,

244 1938 575 2037 importunitatibus
591 1943 769 2016 malorum
793 1941 987 2016 hominum
1003 1945 1152 2017 minime
1169 1944 1242 2017 hoc
1256 1945 1308 2018 el·

244 2053 351 2128 ficere
367 2056 496 2154 potuit.
517 2058 677 2132 Tandem
692 2084 775 2132 cum
791 2085 856 2160 per
880 2058 956 2132 dies
978 2059 1130 2150 multos,
1150 2061 1308 2160 primum

243 2173 432 2266 Vernone,
453 2172 585 2248 deinde
602 2175 699 2275 apud
719 2175 1027 2270 Pontem-Archae,
1048 2175 1169 2248 luisset
1193 2201 1309 2248 remo·

243 2300 362 2377 ratus,
394 2289 440 2362 ad
466 2293 724 2365 monasterium
748 2298 862 2366 Beatae
889 2291 1104 2382 Catharinae,
1137 2293 1243 2364 situm
1271 2293 1307 2364 in

242 2405 376 2479 vertice
391 2409 526 2481 montis
542 2410 605 2508 qui
622 2409 803 2509 prominet
822 2409 956 2482 civitati
968 2412 995 2499 ¹,
1015 2433 1098 2481 cum
1120 2407 1212 2482 duce
1232 2409 1306 2480 Bri·

243 2523 374 2616 taupiae
390 2527 548 2598 accessit.
755 2604 759 2612 ,

292 2643 374 2727 Quo
399 2639 482 2714 loco
513 2665 597 2714 cum
618 2665 684 2739 per
708 2641 827 2740 plures
853 2640 948 2732 dies,
978 2640 1308 2737 importunitatibus

243 2779 370 2832 eorum
387 2757 473 2854 qui,
491 2771 532 2829 ut
554 2755 728 2849 diximus,
749 2758 858 2829 totius
880 2754 1308 2856 patriaehouoresetoffi·

242 2873 298 2945 cia
314 2870 541 2962 ambiebant,
560 2874 668 2946 etiam
687 2871 914 2964 substitisset,
939 2872 985 2945 ab
1000 2872 1056 2945 his
1071 2873 1134 2970 qui
1151 2873 1307 2945 exomni

243 2987 431 3084 provincia
461 2987 726 3086 Rothomagum
746 3003 992 3061 convenerant
1003 3042 1013 3080 ,
1033 2986 1238 3060 solemniter
1254 2987 1307 3059 vi·

242 3101 459 3195 sitatusluit,
481 3104 586 3178 taedio
604 3129 735 3203 magno
757 3103 884 3204 procrd
902 3102 1016 3177 dubio
1034 3103 1187 3194 allectis,
1206 3101 1306 3200 quod

243 3243 370 3311 suum,
400 3221 563 3294 tamdiu
595 3221 860 3313 desideratum,
888 3220 1083 3294 retardaret
1108 3221 1146 3292 in
1176 3219 1305 3293 urbem

242 3338 453 3435 ingressum.
472 3340 622 3436 Fuitque
640 3338 883 3412 consalutatus
898 3364 940 3412 ex
954 3337 1077 3438 patriae
1095 3338 1224 3410 totius¹
1240 3363 1306 3410 no·

191 3477 193 3484 ⁴
243 3454 363 3548 mine,
381 3469 418 3528 et
435 3454 660 3528 orationibus
687 3453 908 3528 solemnibus
934 3453 1096 3547 duabus,
1124 3477 1248 3534 eoram
1269 3478 1307 3525 se

242 3569 393 3664 habitis,
423 3595 489 3645 suo
515 3572 692 3646 adventui
719 3567 1020 3668 congratulatum.
1051 3568 1191 3656 Quibus
1223 3593 1306 3641 cum

243 3686 427 3760 interesset
440 3701 475 3760 et
488 3711 642 3788 praesens
655 3685 794 3758 adforet
811 3683 884 3756 dux
901 3684 1106 3774 Britanniae,
1126 3709 1209 3756 curu
1225 3709 1307 3756 suo·

243 3825 327 3872 rum
349 3801 578 3877 multitudine
605 3802 691 3901 (qui
721 3815 820 3874 tauta
853 3796 1051 3872 ambitione
1085 3799 1303 3899 flagrabant,

147 3921 150 3930 '
243 3916 290 3990 ad
313 3919 492 3992 custodias
516 3919 700 3994 civitatum
727 3914 946 4016 oppidorum
967 3929 1003 3987 et
1026 3931 1225 3990 castrorum
1241 3940 1306 4014 pa-

283 4106 317 4168 l.
337 4101 606 4166 Salute-catherine
619 4101 660 4161 du
675 4104 767 4172 Mont,
782 4096 940 4158 au·dessus
951 4098 989 4158 de
1002 4103 1115 4158 llouen.

282 4195 313 4252 2,
334 4195 376 4252 Le
394 4211 450 4254 ms.
474 4191 570 4266 ajoute
585 4197 746 4266 provincie,
763 4189 814 4267 qui
831 4201 874 4248 est
888 4189 916 4248 la
930 4192 1025 4249 meme
1039 4190 1126 4250 chose
1136 4206 1193 4265 que
1200 4193 1303 4262 patrie

243 4291 337 4344 terim.
