3384 5184
589 543 698 600 ranna
718 529 921 634 sedunus.
1227 544 1285 599 ns

225 674 395 768 fecerant,
413 673 594 774 fidemque
614 675 760 750 minime
777 689 1025 763 servaverant,
1045 689 1132 747 tunc
1149 674 1286 772 absque

224 789 392 863 cautione
407 790 548 889 potiore
564 789 653 863 fides
668 792 719 863 eis
733 790 858 864 habita
874 815 948 863 non
965 805 1033 881 est;
1052 790 1113 862 sed
1128 790 1287 890 oportuit

224 921 265 979 ut
291 906 337 980 de
366 907 458 994 satis,
486 907 534 980 ad
560 907 739 980 delectum
764 907 923 1003 ejusdem
953 906 1096 978 illustris
1111 907 1283 995 comitis,

225 1021 369 1096 obsides
397 1023 656 1120 quinquaginta
682 1021 830 1112 darent,
858 1023 920 1120 qui
948 1021 1132 1120 usquead
1167 1021 1287 1120 proxi·

225 1139 349 1212 mioris
363 1138 553 1212 solutionis
569 1139 779 1224 terminum,
799 1137 867 1212 sub
883 1162 994 1210 manu
1011 1138 1153 1210 victoris
1170 1162 1288 1210 rema-

225 1267 372 1344 nerent3
391 1253 569 1327 solutione
585 1268 704 1326 autem
722 1253 832 1341 sacta,
850 1255 898 1325 ita
916 1253 1014 1326 abire
1034 1252 1184 1325 domum
1202 1277 1287 1350 pos·

224 1385 321 1460 sent,
341 1383 533 1470 postquam
550 1370 611 1444 alii
626 1370 884 1469 quinquaginta
905 1369 1051 1462 delecti,
1070 1383 1110 1440 nt
1130 1369 1284 1468 priores,

225 1486 323 1560 missi
337 1485 482 1559 obsides
501 1486 648 1559 forent¹.

274 1602 318 1674 Et
342 1602 411 1675 hac
432 1605 523 1700 lege,
552 1617 588 1676 et
613 1601 680 1674 sub
703 1603 807 1675 certis
834 1601 954 1674 multis
981 1602 1158 1700 capitulis,
1180 1603 1288 1698 juris-

222 1719 366 1816 jurandi
392 1722 563 1818 religione
587 1719 754 1808 firmatis‚
780 1719 827 1791 ad
849 1744 931 1792 suas
960 1720 1090 1792 domos
1118 1732 1153 1791 et
1185 1727 1289 1816 agros

225 1835 389 1933 permissi
412 1848 496 1908 sunt
515 1833 648 1926 abire¹3
675 1835 926 1933 principesque
950 1835 1102 1906 illustres
1126 1839 1286 1938 Burgum

226 1950 400 2045 (tionum,
432 1952 611 2050 permissis
638 1953 710 2024 suis
738 1951 910 2024 militibus
937 1952 1101 2051 proprias
1127 1965 1290 2049 repetere

227 2065 374 2160 domos,
395 2069 432 2140 in
449 2069 677 2142 Brabantiam
695 2067 957 2167 triumphantes
971 2081 1187 2139 remearunt.

275 2183 378 2256 Siluit
398 2183 518 2282 itaque
537 2198 624 2256 tunc
644 2181 691 2255 ab
712 2184 891 2282 armisque
912 2183 1048 2280 quievit
1069 2187 1289 2256 Francorum

226 2324 304 2392 rex,
329 2309 562 2398 spectareque
587 2301 724 2371 otiosus
750 2301 869 2398 potuit
894 2301 1039 2370 Dinanti
1060 2299 1223 2373 flammas
1255 2315 1289 2372 et

102 2457 105 2464 ·
227 2415 440 2489 stolidorum
464 2429 570 2514 atque
594 2419 857 2488 cervicosorum
881 2414 1167 2488 humiliationem
1195 2415 1289 2487 Ebu·

226 2557 377 2624 ronum,
397 2532 497 2623 licet,
521 2546 562 2605 ut
580 2531 751 2624 diximus,
773 2531 934 2627 ingentes
953 2529 1130 2608 bellorum
1153 2532 1290 2604 lecisset

227 2661 437 2746 apparatus,
460 2672 552 2745 quos
572 2648 608 2718 in
633 2671 758 2719 eorum
776 2645 1038 2746 protectionem
1061 2659 1169 2744 atque
1190 2645 1290 2716 auxi·

226 2761 315 2836 lium
334 2789 551 2864 expensurus
565 2761 845 2836 existimabatur.
866 2766 909 2833 Et
924 2762 1099 2860 profecto,
1116 2763 1145 2833 si
1161 2761 1291 2834 voluis·

228 2894 292 2969 set,
313 2895 454 2980 poterat
474 2881 574 2954 facile
591 2881 641 2954 eis
657 2880 830 2953 auxilium
848 2881 1043 2979 impertire,
1067 2881 1292 2978 burgundio-

228 3022 390 3096 numque
410 2999 591 3098 principes
615 3012 721 3095 atque
745 3018 869 3069 eorum
896 2999 1069 3070 terrasin
1095 2999 1291 3070 maximum

229 3111 420 3188 discrimen
438 3113 631 3188 adducere.
660 3117 749 3186 Nam
766 3114 814 3208 si,
835 3137 909 3212 quo
931 3127 1094 3214 tempore
1115 3139 1199 3186 cum
1219 3114 1291 3186 suis

229 3228 380 3326 agebant
396 3232 510 3331 copiis
526 3230 623 3330 apud
639 3231 853 3321 Dinantunn
866 3231 939 3303 suis
954 3230 1115 3329 undique
1131 3244 1292 3302 contrac-

230 3349 292 3441 tis,
314 3364 424 3422 terras
441 3349 611 3421 Picardiae
628 3347 748 3421 luisset
763 3337 983 3445 aggressnsss
1000 3372 1188 3444 nunquam
1205 3360 1294 3418 tem·

271 3507 299 3562 l.
325 3529 339 3558 a
361 3505 437 3562 C’est
461 3505 478 3560 a
500 3501 627 3578 scavoir,
651 3513 744 3560 trente
767 3499 857 3559 deulx
878 3501 1008 3560 hommes
1029 3521 1104 3581 pour
1127 3501 1155 3560 la
1176 3501 1231 3561 cite
1256 3502 1293 3561 de

229 3591 333 3672 llige,
351 3591 402 3650 dix
422 3611 497 3671 pour
517 3591 544 3650 la
564 3588 633 3649 ville
657 3588 693 3648 de
711 3593 855 3670 Tongres,
878 3590 922 3648 six
938 3590 1016 3650 dela
1030 3591 1100 3651 ville
1123 3591 1160 3650 de
1183 3591 1293 3651 Sainct·

229 3683 307 3740 Trou
321 3693 350 3740 et
364 3681 409 3740 six
421 3680 458 3739 de
474 3680 504 3740 la
519 3679 589 3739 ville
603 3678 640 3737 de
655 3679 818 3750 Hasselt,...
838 3678 976 3755 lesquelz,
992 3699 1029 3738 nu
1044 3678 1115 3740 bout
1129 3679 1166 3739 de
1181 3681 1251 3752 l’an,
1265 3692 1294 3738 et

230 3766 318 3846 qu’ilz
340 3769 472 3829 auroient
492 3769 567 3848 paye
590 3787 649 3846 ung
673 3779 847 3847 payement‚
872 3768 965 3826 icenlx
991 3770 1145 3846 cinquante
1169 3769 1295 3829 seroient

230 3857 339 3936 quittez
355 3871 385 3917 et
407 3858 655 3932 retourneroient,
673 3867 851 3934 moyennant
873 3877 930 3933 que
952 3859 1026 3915 c'eux
1048 3856 1084 3915 de
1103 3857 1205 3936 llige,
1231 3855 1294 3913 ains

231 3945 320 4024 qu’ilz
338 3947 506 4026 partissent,
525 3966 563 4006 en
582 3947 782 4006 renverroient
804 3945 940 4004 d’aultres
960 3945 1124 4022 cinquante.
1144 3971 1158 3996 ι·
1178 3949 1213 4002 Et
1232 3943 1294 4002 cela

232 4035 332 4098 devait
351 4057 382 4098 se
404 4037 556 4097 continuet
573 4036 647 4097 ainsi
666 4035 789 4094 d’anne‘e
811 4053 849 4094 en
871 4035 964 4095 annee
982 4034 1120 4114 jusqu‘an
1139 4045 1296 4114 payement

231 4126 358 4207 complet
373 4128 424 4186 des
441 4129 567 4186 600000
584 4125 683 4186 llorins
697 4123 828 4204 stipulis.
843 4127 871 4188 J.
884 4124 1039 4203 Duclercq,
1055 4124 1073 4183 l.
1086 4127 1122 4200 V,
1137 4144 1163 4182 c.
1179 4143 1251 4182 nrn.

190 4213 194 4220 ’
272 4219 303 4281 2.
325 4223 366 4278 Le
382 4223 399 4278 'l
415 4215 577 4297 septembre
595 4217 684 4275 1460.

275 4312 303 4368 3.
326 4307 429 4370 C'etait
441 4306 510 4367 bien
524 4305 553 4365 tt
565 4325 599 4365 ce
612 4307 629 4362 a
643 4303 711 4382 quoi
725 4303 746 4362 il
759 4303 855 4380 visait‚
866 4317 893 4364 et
904 4317 968 4364 tous
981 4305 1023 4363 les
1035 4315 1210 4363 armaments
1224 4303 1296 4362 dont
