3384 5184
642 487 941 548 ⁴muneramus.
1295 495 1328 552 ῃ

272 638 342 713 tos,
359 620 455 694 dicto
469 619 515 694 de
531 620 728 693 Morvillrirr
744 617 897 694 verbum
911 618 1075 713 faciente,
1095 622 1192 722 apud
1204 622 1334 697 ducem

271 735 497 837 Burgundiae,
517 737 553 809 in
571 736 708 836 oppido
733 762 799 810 suo
825 737 1001 810 lnsulensi
1016 737 1245 812 exsistentem
1262 765 1334 814 una

270 879 355 928 cum
372 850 518 950 praelato
535 853 666 925 comite
686 852 732 925 de
755 851 956 944 Charolot'r,
978 850 1053 924 lilio
1074 877 1160 944 suo,
1182 856 1335 951 graviter

271 970 316 1044 de
339 967 469 1042 eodem
494 969 642 1062 comite,
668 980 745 1039 tum
770 983 959 1066 praesente,
987 967 1229 1066 querebatur:
1249 995 1333 1043 eum

271 1085 430 1160 criminis
443 1085 532 1156 laesae
547 1083 737 1180 majestatis
750 1098 874 1181 aperte
888 1083 1114 1174 insimulans,
1131 1086 1231 1184 quod
1244 1112 1334 1186 prar-

271 1201 384 1275 fatum
400 1198 610 1272 Bastardum
625 1199 671 1271 dc
684 1197 883 1297 Rubemprd
892 1223 1046 1298 suosque
1063 1201 1225 1293 comitae,
1244 1204 1335 1302 regis

271 1317 459 1389 servitores
482 1329 518 1388 et
540 1315 688 1408 missua,
714 1328 888 1387 arrestarc
909 1327 944 1386 et
965 1315 1004 1387 in
1027 1340 1206 1389 carcerem
1228 1333 1335 1417 atque

271 1432 413 1504 vincula
429 1432 568 1504 mittere
584 1430 881 1530 praesumpsisset;
897 1455 934 1502 se
948 1430 1134 1505 subditum
1148 1458 1190 1506 ac
1203 1437 1336 1510 vassal-

272 1546 347 1620 lum
362 1548 453 1644 regis
469 1571 664 1644 agnoscere
680 1544 829 1634 debere,
850 1549 901 1638 et,
922 1571 987 1645 per
1002 1546 1091 1637 hoc,
1107 1562 1243 1622 tantam
1262 1553 1336 1649 regi

233 1689 237 1704 ·
272 1676 306 1734 et
331 1660 482 1736 domino
500 1687 566 1735 suo
583 1686 754 1762 supremo
773 1661 940 1758 injuriam
958 1663 1132 1758 irrogare,
1154 1679 1192 1736 ut
1209 1666 1336 1740 missos
1430 1704 1433 1710 =

271 1803 355 1852 suos
377 1780 413 1851 in
435 1770 616 1854 carcerem
634 1795 670 1853 et
691 1781 835 1852 vincula
858 1780 1070 1877 conjiceret,
1094 1783 1244 1856 minime
1269 1784 1336 1856 sibi

271 1908 445 1968 attentare
459 1895 614 1970 licuisse.
631 1895 775 1968 Diluere
793 1909 913 1968 autem
930 1895 1080 1969 studens
1094 1899 1336 1997 suspicionem

271 2012 499 2102 insidiarum,
518 2013 565 2087 de
581 2037 652 2113 qua
671 2014 875 2086 communis
894 2012 1029 2109 ubique
1046 2039 1165 2087 sermo
1184 2030 1337 2114 perstre·

271 2127 396 2227 pebat,
415 2128 556 2202 dicebat
571 2130 736 2230 praelatos
753 2154 829 2203 non
845 2128 892 2202 ad
910 2130 1258 2229 apprehendendum
1274 2157 1335 2206 co·

271 2245 396 2322 mitem
424 2244 470 2317 dc
499 2245 703 2332 Charoloir,
735 2269 798 2317 seu
830 2246 1029 2344 quidquam
1057 2247 1091 2318 ei
1128 2246 1336 2320 nocendum

272 2349 378 2433 luisse
406 2360 603 2432 destinatos
631 2385 697 2458 per
725 2385 868 2458 regem3
903 2361 967 2434 sed
995 2363 1081 2458 quia
1112 2376 1245 2435 certam
1275 2387 1337 2435 rex

270 2477 426 2551 habebat
447 2477 610 2549 notitiam
626 2475 726 2574 quod
743 2476 816 2547 dux
834 2476 1023 2548 Britanniae
1037 2478 1181 2550 miserat
1196 2478 1337 2577 aliquos

271 2594 317 2666 de
340 2593 413 2664 suis
435 2593 473 2664 in
497 2592 679 2688 Angliam,
704 2591 868 2688 quaedam
894 2593 932 2663 in
955 2618 1061 2665 suum
1086 2595 1258 2692 regnique
1282 2595 1337 2666 sui

271 2708 515 2808 praejudicium
539 2707 728 2781 molituros
748 2709 826 2806 (qui
849 2707 895 2780 de
913 2709 1078 2808 proximo
1101 2709 1186 2782 inde
1205 2713 1336 2786 reverti

271 2824 463 2918 deberent,
482 2840 518 2898 et
533 2850 599 2924 per
615 2825 785 2897 comitem
799 2824 845 2896 de
862 2825 1048 2896 Clurrolois
1061 2827 1097 2896 in
1116 2825 1335 2898 Britanniam

151 3027 161 3042 .
271 2941 457 3039 remeare),
470 2955 660 3040 propterea
678 2941 827 3013 misisset
846 2941 1053 3013 Bastardum
1065 2940 1111 3014 de
1125 2939 1333 3039 Rubempre',

271 3057 318 3130 ad
339 3055 621 3130 collustrandum
641 3069 676 3128 et
690 3056 959 3155 pervagandum
978 3055 1115 3128 diversa
1136 3055 1217 3128 loca
1235 3057 1337 3129 navi-

272 3173 348 3270 gio,
375 3187 567 3271 quatenus,
595 3173 625 3243 si
650 3173 736 3244 dicti
761 3172 863 3246 ducis
888 3173 1023 3272 legatos
1049 3171 1177 3245 obvios
1201 3171 1336 3248 habere

270 3304 407 3388 posset,
427 3313 489 3362 eos
504 3287 791 3388 apprehenderet
806 3304 842 3361 et
856 3288 1001 3362 duceret
1014 3287 1061 3361 ad
1077 3313 1215 3386 regern,
1235 3289 1337 3387 cujus

271 3430 347 3479 non
372 3430 484 3505 parvo
506 3405 690 3479 interesset
711 3405 916 3479 molitiones
941 3405 1102 3502 ejusdem
1127 3404 1228 3478 ducis
1252 3430 1337 3478 cum

272 3523 344 3594 suis
373 3522 618 3596 infensissimis
645 3521 811 3596 hostibus
840 3537 876 3595 et
903 3524 1052 3596 consilia
1082 3523 1267 3622 percipere
1294 3549 1336 3598 ac

272 3641 517 3732 cognoscere².
547 3638 721 3736 Petiitque
746 3637 913 3726 tandem,
943 3661 1046 3728 cum,
1080 3637 1128 3710 ob
1154 3638 1334 3712 dictorum

272 3766 461 3848 captorum
488 3753 754 3845 detentionem,
781 3753 944 3826 maximis
969 3752 1138 3826 eumdem
1165 3755 1335 3826 comitem

313 3977 342 4032 l.
366 3975 420 4034 Ces
432 3973 544 4034 raisons
558 3988 622 4034 sont
638 3973 778 4055 exposees
794 3992 865 4032 avec
883 3985 944 4043 tout
958 3972 986 4032 le
1000 3972 1243 4053 developpement
1256 3971 1334 4032 de'si·

252 4063 352 4133 urable
368 4063 440 4124 dans
460 4083 499 4123 un
513 4063 643 4125 discours
663 4063 810 4144 proponet
826 4083 884 4124 aux
904 4063 1048 4123 habitante
1068 4063 1216 4122 d'Amiens
1237 4080 1290 4142 par
1307 4063 1335 4121 le

271 4151 435 4214 chancelier
452 4151 489 4212 de
510 4155 629 4218 Franco.
645 4158 680 4216 l.
693 4151 825 4229 Thierry.
848 4157 1015 4212 Documents
1029 4155 1133 4210 ine'dr'rs
1144 4171 1195 4210 sur
1205 4155 1333 4225 Amicus,
1350 4145 1359 4162 ‘

272 4255 293 4301 t.
307 4246 352 4314 11,
367 4263 399 4322 p.
414 4245 492 4313 2763
510 4239 582 4300 dans
594 4240 624 4300 la
637 4240 793 4301 collection
807 4240 858 4301 des
872 4240 1042 4300 documents
1055 4239 1170 4298 inedies.
