3282 5168
554 560 664 617 LIBER
683 559 849 617 TERTIUS.
1175 559 1233 616 275

175 693 272 788 gium
289 692 377 764 illud
390 692 676 792 jurisperitorum
692 693 825 792 poterit
845 692 1004 792 adaptari
1027 720 1035 762 ε
1062 724 1079 759 α
1097 691 1152 765 Nil
1172 697 1232 764 Ju-

175 808 272 880 daeus
304 807 447 902 ludeo,
473 809 524 883 nil
552 809 700 882 dolosus
728 807 875 900 doloso,
907 809 958 881 nil
987 810 1137 883 Catilina
1169 812 1235 882 Ce-

176 921 313 1020 theg0¹.
329 953 347 991 u
707 1019 711 1026 h

226 1041 390 1111 Manente
407 1054 527 1111 autem
549 1038 667 1111 adhuc
695 1029 989 1136 Burgundionum
1008 1040 1100 1112 duce
1121 1041 1158 1111 in
1176 1055 1239 1112 ca²

140 1157 144 1166 '
177 1153 258 1224 stris
288 1168 350 1228 aut
381 1155 435 1227 vel
470 1155 565 1225 circa
593 1153 721 1246 urbem
757 1154 1054 1247 Ambianensem,
1090 1155 1237 1226 minime

178 1267 296 1340 adhuc
323 1270 455 1342 sciente
489 1269 683 1368 quamdam
713 1285 898 1369 rupturam
910 1274 933 1363 ¹,
968 1295 1077 1368 quam
1100 1271 1165 1347 ,sui
1200 1271 1239 1342 in

179 1379 404 1476 Burgundio,
434 1381 528 1452 circa
553 1381 816 1472 Matisconam⁸,
837 1396 1051 1483 acceperant
1073 1406 1094 1454 a
1117 1380 1240 1454 rnilitia

178 1497 269 1592 regis
284 1501 517 1589 Francorum,
538 1523 622 1568 cum
639 1496 800 1569 eamdem
815 1496 884 1568 sibi
900 1522 979 1586 rex,
1003 1497 1111 1568 veluti
1128 1521 1242 1571 cares

178 1612 373 1709 plurimum
388 1612 454 1684 sibi
476 1629 600 1686 moesta
619 1611 731 1701 foret,
754 1625 901 1711 propter
919 1637 1044 1684 necem
1067 1637 1241 1710 quorum·

179 1726 264 1800 dam
293 1729 355 1826 qui
382 1727 466 1800 illuc
490 1729 666 1828 perempti
692 1727 859 1817 luerent‘,
891 1752 954 1826 per
980 1728 1132 1800 ironiam
1161 1727 1243 1800 inti-

180 1843 350 1915 mandam
373 1841 550 1930 duxisset,
569 1843 679 1937 fertur
699 1844 829 1933 etiam,
848 1844 963 1916 ricem
982 1843 1140 1916 referens
1169 1859 1244 1916 arte

180 1959 370 2047 consimili,
390 1959 466 2058 ipse
482 1959 778 2055 Burgundionum
797 1958 870 2031 dux
888 1959 956 2032 sibi
980 1958 1085 2032 amici
1101 1959 1153 2030 sui
1181 1983 1253 2046 co-x

183 2075 275 2146 mitis
297 2075 343 2147 de
369 2075 536 2148 Wnrriclr
566 2100 733 2148 occasum
757 2077 957 2166 nuntiasse,
981 2075 1124 2174 dequo
1148 2100 1241 2148 non·

182 2190 269 2262 dum
285 2217 348 2262 rex
365 2193 439 2291 ipse
457 2207 595 2263 certum
613 2193 778 2264 nuntium
796 2207 993 2291 acceperat.

230 2306 337 2396 Quod
353 2321 474 2380 autem
488 2308 599 2380 fauste
613 2308 830 2404 feliciterque
841 2332 897 2379 res
913 2306 1068 2379 Eduardi
1080 2305 1245 2380 secundae

182 2423 249 2522 ipsi
267 2422 561 2519 Burgundionum
584 2423 667 2494 duci
687 2423 933 2522 provenerint,
952 2425 1166 2521 quantisque
1188 2424 1246 2521 ip-

182 2563 261 2610 sum
283 2537 518 2610 subduxerint
541 2537 707 2636 periculis
736 2552 843 2636 atque
874 2538 993 2628 malis,
1024 2539 1246 2634 superfluum

183 2653 398 2727 arbitramur
417 2653 455 2724 id
477 2653 597 2724 multis
613 2653 839 2725 sermonibus
859 2654 1043 2743 iutimare,
1060 2678 1142 2724 curn
1159 2679 1246 2754 pro-

184 2769 276 2842 fecto
294 2794 369 2841 non
387 2793 446 2842 eas
463 2769 574 2867 magis
597 2769 663 2866 ipsi
686 2767 872 2860 Edoardo,
895 2792 1005 2866 quarn
1026 2768 1142 2840 eidem
1163 2769 1246 2841 duci

183 2884 397 2983 secundasse
413 2896 591 2982 putemus.
610 2887 649 2953 In
672 2907 746 2980 quo
764 2883 848 2954 satis
865 2883 1091 2955 manifestum
1110 2883 1247 2954 cunctis

184 3002 316 3072 factum
333 3001 398 3073 suit
415 2999 622 3072 mirabiliter
638 3000 701 3071 oei
720 2997 945 3071 clementiam
961 3015 1068 3099 atque
1081 2997 1248 3095 benigni-

185 3131 291 3189 tatem
312 3117 379 3216 ipsi
398 3117 607 3214 Burgundiae
622 3116 765 3204 domui,
784 3117 836 3188 uti
854 3115 939 3189 alias
954 3141 1064 3215 saepe,
1086 3116 1185 3188 sicet
1208 3117 1245 3222 in

185 3230 241 3302 his
255 3229 460 3330 procellosis
477 3230 696 3303 consuluisse
713 3230 982 3329 tempestatibus
998 3246 1033 3302 et
1052 3230 1248 3302 misericor·

184 3348 329 3420 dissime
343 3349 572 3438 succurrisse;
586 3373 664 3445 quae
677 3345 800 3447 procul
813 3345 926 3420 dubio
944 3347 1090 3420 totalem
1104 3345 1245 3420 ruinam

185 3481 292 3564 atque
308 3465 577 3538 exstinctionem
594 3464 752 3552 subitura
764 3478 903 3561 poterat
913 3463 1093 3557 aestimari,
1110 3462 1243 3557 sinon,

186 3595 312 3682 praeter
332 3583 495 3654 omnium
516 3581 722 3652 mortalium
745 3605 867 3678 spem,
886 3595 960 3652 tam
985 3577 1133 3670 mirifice
1154 3573 1245 3653 tam·

229 3771 258 3826 l.
281 3766 411 3826 Allusion
430 3769 447 3825 t
465 3765 590 3844 quelque
610 3764 689 3845 glose
708 3763 744 3823 de
759 3763 976 3840 jurisconsulto,
997 3765 1069 3825 dont
1085 3766 1112 3826 le
1130 3765 1247 3826 dernier

186 3869 278 3918 terme
293 3856 422 3936 rappelle
436 3856 464 3916 le
478 3875 544 3916 vers
558 3855 595 3916 de
607 3853 751 3916 Juvenal:
769 3855 882 3914 Clodius
895 3869 1005 3914 accuset
1016 3857 1150 3931 moechos,
1167 3859 1245 3915 Cart·

188 3953 248 4006 lina
262 3947 420 4024 Cethegum.

227 4039 257 4094 2.
280 4023 452 4113 Bquiralent
464 4031 504 4094 du
516 4046 577 4094 mot
594 4032 716 4110 sranqais
729 4035 854 4095 demuto.

229 4129 257 4185 3.
281 4128 409 4202 ABussy
423 4142 461 4184 en
473 4123 644 4198 Besujolais‚
663 4126 679 4182 a
698 4117 761 4201 sept
773 4119 863 4183 lienes
879 4121 916 4184 de
928 4127 1041 4187 Maron.

228 4217 258 4272 t.
280 4217 418 4273 L’auteur
436 4211 558 4287 ferient,
575 4212 634 4270 ala
649 4212 688 4270 fin
707 4211 746 4271 du
763 4210 903 4290 chapitre,
925 4233 976 4274 sur
995 4227 1069 4274 cette
1082 4233 1187 4295 guerre
1209 4215 1246 4274 de

190 4307 372 4383 bourgogne.
