3282 5168
394 531 452 592 ¹¹18
665 534 923 592 mstonmttttt
943 535 1123 596 LUDOVICI
1142 537 1186 594 xl

748 827 1004 896 clPtTULUM
1028 829 1104 898 XV.

395 1031 555 1100 Quomodo,
570 1031 736 1086 sumentibus
750 1030 847 1084 eisdem
865 1033 972 1103 treugis,
988 1033 1108 1097 Carolus,
1122 1030 1176 1085 dux
1194 1032 1357 1113 Aquitaniae,
1375 1032 1466 1090 lodus

419 1131 494 1168 ,oum
518 1111 585 1166 duce
607 1109 767 1181 Burgundio
789 1111 937 1182 copulavit,
959 1127 985 1164 et
1006 1111 1131 1165 comitem
1150 1111 1295 1164 Arminiaci
1310 1111 1364 1165 suis
1385 1113 1466 1166 terris

433 1194 562 1261 restituit,
575 1206 600 1246 et
613 1191 646 1246 de
659 1192 736 1264 gestis
749 1191 866 1263 ejusdem
880 1194 993 1249 oomitis.

450 1371 502 1444 xb
512 1373 620 1444 armis
636 1372 756 1471 itaque
768 1373 914 1465 interea,
926 1372 1136 1469 hujusmodi
1148 1373 1361 1446 durantibus
1371 1388 1469 1446 treu-

401 1488 473 1584 gis,
500 1489 667 1586 utrinque
692 1502 745 1559 est
770 1503 962 1572 cessatum;
982 1489 1080 1580 nulla
1106 1504 1224 1586 tamen
1251 1503 1352 1560 extra
1374 1514 1466 1588 pro·

401 1591 516 1699 ¹priam
532 1603 702 1700 cujusque
718 1601 962 1674 obedientiam
978 1603 1170 1676 currebant
1191 1605 1227 1676 in
1251 1602 1465 1685 alterutrum

402 1718 632 1804 commercia,
651 1717 715 1790 sed
731 1718 816 1790 odia
824 1719 996 1790 acerrima
1010 1718 1201 1791 durabant.
1217 1719 1327 1795 Dicte
1344 1718 1466 1816 plures

403 1834 495 1905 inter
522 1848 641 1932 partes
672 1835 873 1905 constitutae
899 1833 1056 1922 luerunt,
1082 1836 1118 1904 in
1145 1833 1277 1930 quibus
1303 1833 1349 1905 de
1376 1859 1467 1934 pace

403 1963 630 2041 tractaretur3
649 1973 773 2021 verum
794 1974 877 2020 eum
901 1947 999 2020 nulla
1016 1949 1069 2020 vel
1089 1950 1239 2021 minima
1258 1974 1320 2048 spe
1341 1974 1469 2048 perve-

404 2064 527 2137 niendi
551 2063 596 2134 ad
620 2064 758 2135 bonnm
781 2065 878 2168 pacis
903 2090 1044 2163 semper
1066 2088 1167 2163 paene
1200 2063 1466 2146 discedebatur.

405 2184 484 2252 Non
499 2197 617 2250 tamen
632 2179 779 2252 feriabat
792 2181 956 2278 quaelibet
970 2181 1126 2280 partium
1140 2179 1271 2266 foedera
1282 2181 1350 2252 sibi
1362 2195 1469 2279 atque

309 2293 313 2352 ἶ
352 2377 361 2397 ¹
406 2294 547 2386 auxilia,
561 2294 812 2397 undecumque
824 2311 983 2395 possent,
993 2319 1202 2394 comparare
1212 2311 1246 2368 et
1256 2296 1467 2386 conciliare,

408 2410 505 2482 unde
534 2410 700 2483 ellectum
729 2427 800 2504 est,
831 2410 1038 2508 hujusmodi
1070 2427 1232 2509 tempore
1263 2427 1471 2511 treugarum

408 2529 666 2630 percurrente¹,
686 2542 726 2599 ut
744 2529 897 2600 amicitia
913 2529 1006 2600 inter
1027 2526 1324 2626 Burgundionum
1340 2528 1472 2602 ducem

409 2659 444 2716 et
460 2643 651 2738 Carolum,
680 2644 852 2717 illustrem
878 2644 1073 2742 Aquitaniae
1095 2643 1248 2729 ducem,
1271 2645 1363 2742 regis
1389 2669 1473 2740 ger-

411 2784 578 2848 manum,
597 2759 720 2832 denuo
737 2759 980 2858 copularetur,
1000 2759 1131 2832 arctior
1146 2773 1182 2831 et
1199 2757 1350 2832 validior
1361 2783 1472 2858 quarn

411 2899 571 2974 unquam
587 2889 691 2947 antea
703 2875 903 2947 exstitisset.

461 2993 527 3064 Cui
545 2991 784 3064 instaurandae
803 2991 964 3065 amicitiae
979 2991 1165 3089 foedusque
1181 2991 1362 3092 solvendi,
1373 2992 1472 3092 quod

412 3106 521 3207 paulo
542 3123 625 3180 ante
640 3106 733 3178 inter
748 3131 868 3203 regem
884 3121 919 3178 et
936 3107 1052 3206 ipsum
1074 3106 1254 3179 firmatum
1276 3108 1471 3198 exstiterat,

414 3222 502 3322 quid
526 3246 669 3297 oausam
694 3221 829 3312 attulit,
855 3246 930 3293 non
956 3223 1039 3295 satis
1061 3222 1108 3294 ad
1139 3236 1277 3295 certum
1303 3221 1477 3295 hactenus

415 3337 548 3411 habere
579 3338 772 3437 potuimus.
811 3335 985 3409 Ferehant
1021 3337 1185 3408 nonnulli
1226 3337 1475 3433 hujuscemodi

415 3453 638 3525 discessionis
657 3475 730 3523 suae
752 3475 773 3524 a
789 3475 870 3548 rege
888 3451 993 3524 fuisse
1011 3477 1174 3544 causam,
1194 3453 1294 3552 quod
1312 3477 1386 3526 non
1404 3479 1477 3525 ser-

416 3583 495 3641 vata
521 3566 641 3640 sibiet
659 3563 851 3663 adimpleta
868 3565 1021 3663 plurima
1038 3565 1105 3637 sibi
1128 3567 1294 3655 luissent,
1312 3592 1392 3666 quae
1416 3593 1478 3640 rex

417 3685 453 3757 in
480 3683 540 3756 illo
560 3680 692 3752 foedere
709 3680 776 3752 sibi
800 3705 940 3753 servare
965 3695 1000 3752 et
1022 3680 1218 3784 adimplere
1237 3683 1474 3779 promisisset,

417 3799 476 3904 alii
496 3797 595 3896 quod
612 3821 688 3868 sea
708 3821 790 3893 rege
810 3798 1094 3868 circumventum
1118 3797 1242 3887 luisse,
1267 3798 1345 3896 ipso
1370 3799 1478 3869 etiam

417 3937 498 4009 rege
513 3924 698 3982 attestante
713 3923 749 3980 et
764 3909 880 4010 palam
894 3935 930 3982 se
940 3909 986 3980 de
999 3909 1069 3982 hoc
1076 3909 1247 4006 jactante,
1261 3911 1475 4006 agnovisset.

418 4029 552 4100 Dixisse
577 4026 672 4100 enim
699 4050 759 4102 rex
782 4025 924 4127 publice
945 4025 1125 4100 ferebatur
1150 4024 1249 4124 quod
1270 4026 1368 4102 idem
1393 4053 1480 4102 suus

460 4264 487 4320 l.
510 4265 695 4321 Pmeurrente
705 4256 777 4318 dans
790 4257 817 4317 le
831 4276 883 4316 ms.
