3384 5184
425 563 483 619 uo
697 557 951 616 utstomsnun
969 557 1147 614 LUDOVlCl
1166 557 1209 612 xl

426 697 575 786 siernnt,
593 691 668 764 doli
683 715 725 764 ae
742 689 902 787 figmenti
920 691 1059 788 penitus
1075 691 1234 787 ignaros,
1254 712 1320 786 per
1335 712 1426 786 quos
1443 688 1480 760 id

415 809 556 882 caeteris
582 807 627 880 de
651 805 840 878 consulatu
867 805 1016 876 civitatis
1043 803 1215 876 insinuari
1239 801 1477 893 mandarunt,

423 939 588 1023 rogantes
605 922 673 996 sibi
690 921 892 1010 subveniri,
921 943 967 992 ne
988 920 1025 992 in
1047 932 1187 991 tantum
1208 915 1398 988 discrimen
1424 917 1480 987 in·

422 1054 619 1115 currerent.
1137 1025 1141 1038 ’

470 1162 553 1247 Quo
579 1155 707 1227 nuntio
732 1154 838 1226 exciti
864 1168 970 1252 atque
998 1154 1156 1227 exterriti
1181 1153 1276 1225 cives
1303 1165 1339 1223 et
1370 1153 1480 1226 totius

422 1272 612 1371 provinciae
627 1269 834 1370 primiores‚
855 1269 916 1368 qui
944 1270 980 1340 in
997 1269 1087 1342 urbe
1100 1283 1225 1356 erant,
1248 1266 1316 1339 sub
1339 1266 1479 1343 silentio

421 1387 568 1486 quidem
585 1403 621 1458 et
640 1385 774 1484 absque
792 1387 867 1460 ullo
889 1386 974 1460 foris
993 1389 1160 1486 strepitu,
1182 1411 1248 1486 per
1263 1411 1389 1457 omnes
1410 1385 1479 1460 do-

423 1528 502 1576 mos
525 1502 739 1576 mandarunt
767 1517 806 1575 ut
831 1503 1076 1600 unusquisque
1103 1525 1140 1574 se
1165 1504 1202 1573 in
1229 1501 1359 1592 armis,
1388 1501 1479 1572 intra

420 1617 570 1690 domurn
586 1641 709 1710 suam,
729 1633 894 1716 paratum
911 1633 1066 1709 teneret,
1084 1620 1232 1692 minime
1252 1621 1396 1710 exituri,
1417 1635 1478 1691 aut
1509 1618 1514 1627 '

419 1735 566 1832 aliquod
593 1735 735 1832 pavoris
746 1751 847 1822 ,aut
880 1734 1051 1807 tumultus
1077 1733 1252 1808 indicium
1279 1737 1475 1826 ostensuri,

310 1950 314 1959 Ι
419 1853 487 1924 nisi
504 1853 603 1951 prius
627 1851 665 1923 id
683 1853 735 1923 eis
750 1849 842 1922 soret
863 1850 1138 1942 demandatum,
1157 1849 1263 1924 simul
1282 1852 1389 1923 etiam
1407 1851 1478 1923 dis·

419 1967 521 2039 triete
561 1966 759 2038 inbibe'ndo
779 1957 840 2036 ‘nc
868 1966 940 2037 suis
968 1965 1196 2066 hospitibus,
1237 1991 1329 2064 quos
1367 1965 1477 2063 pluri·

423 2107 500 2154 mos
514 2082 695 2154 habebant
717 2107 758 2153 ex
778 2081 1003 2172 Britonibus,
1021 2081 1077 2154 vel
1094 2082 1245 2153 minimo
1261 2081 1373 2154 verbo
1392 2107 1479 2153 con·
1528 2106 1533 2115 ¹

420 2199 603 2270 tumeliam
631 2197 996 2294 quantulamcumque
1015 2211 1075 2269 aut
1096 2197 1263 2294 injuriam
1284 2197 1476 2275 inferrent;

419 2313 505 2409 quin
535 2313 653 2412 potius
682 2312 816 2384 eisdem
837 2314 959 2385 omnia
982 2313 1239 2386 benevolentiae
1268 2329 1375 2412 atque
1414 2313 1479 2386 hu·

288 2524 294 2538 .
334 2482 339 2493 .
418 2429 596 2502 munitatis
616 2427 826 2501 exhiberent
843 2427 973 2502 officia.
1005 2433 1083 2501 Hoc
1100 2430 1197 2502 enim
1221 2429 1382 2526 nihilque
1404 2454 1479 2503 am·

420 2545 512 2644 plius
531 2539 765 2618 intendebant
788 2546 905 2639 cives,
932 2569 1041 2644 quam
1062 2545 1161 2643 quod
1183 2562 1328 2644 possent
1349 2547 1477 2620 ducem

418 2685 524 2734 suum
541 2685 692 2752 novum,
712 2661 829 2758 quiin
847 2660 944 2734 dicto
962 2663 1178 2734 monasterio
1196 2663 1477 2736 Sanctae-Catha-

419 2778 504 2848 rinae
529 2775 647 2849 adhuc
671 2793 746 2848 erat
771 2801 854 2848 eum
879 2776 971 2850 duee
994 2779 1202 2862 Britanniae,
1232 2792 1307 2850 tute
1323 2780 1359 2851 in
1376 2806 1476 2852 sunm

305 2953 313 2970 ,
418 2893 548 2966 ducere
571 2893 697 2964 urbem
719 2907 755 2964 ct
778 2891 869 2983 illis,
896 2919 975 2991 quae
997 2894 1064 2966 sibi
1087 2893 1283 2988 metuebat,
1314 2897 1477 2995 periculis

418 3025 526 3108 atque
542 3009 643 3082 malis
659 3012 808 3106 eripere.
831 3013 942 3102 Nam,
974 3026 1014 3082 ut
1030 3012 1203 3102 diximus,
1232 3013 1478 3088 indubitanter

419 3127 596 3201 creditum
611 3141 665 3198 est
681 3125 795 3223 quod,
814 3125 882 3197 nisi
898 3150 941 3200 ea
955 3128 1014 3200 die
1035 3129 1161 3201 urbem
1177 3129 1384 3222 introiisset,
1405 3134 1478 3204 Bri-

420 3261 535 3335 tones,
547 3240 758 3314 adveniente
771 3255 891 3335 nocte,
903 3243 1041 3316 eumad
1052 3246 1380 3319 Pontem-Archaeet
1391 3249 1476 3322 inde

419 3361 464 3434 ad
480 3385 613 3458 regem,
630 3359 691 3432 aut
706 3360 791 3433 alias
804 3366 895 3457 quo¹
911 3361 1119 3455 voluissent,
1136 3363 1375 3464 abduxissent.

470 3475 732 3549 Providentiam
751 3478 858 3573 igitur
874 3479 969 3551 cives
985 3479 1197 3554 adhibentes
1221 3506 1268 3554 ne
1291 3481 1329 3554 id
1352 3481 1473 3574 fieret,

419 3589 464 3662 de
493 3591 634 3664 civitate
665 3592 793 3665 missus
818 3608 872 3666 est
897 3591 1111 3668 clarissimus
1140 3611 1177 3668 et
1213 3597 1476 3672 strenuissimus

419 3705 532 3794 miles,
546 3711 712 3796 loannes,
728 3731 850 3782 comes
862 3709 1063 3800 llaricuriae,
1081 3736 1165 3785 cum
1177 3713 1317 3785 circiter
1330 3728 1474 3788 centum

417 3822 547 3898 lanceis
566 3823 725 3894 virorum
742 3840 962 3897 armatorum
985 3825 1134 3925 aliisque
1155 3829 1193 3906 in
1217 3853 1368 3902 numero
1393 3831 1475 3903 satis

415 3941 652 4039 competenti,
672 3963 755 4010 cum
778 3940 940 4038 plurimis
956 3941 1133 4014 nobilium
1151 3945 1273 4042 patrie
1287 3959 1324 4018 et
1342 3945 1473 4018 civium

415 4057 526 4146 urbis,
544 4054 590 4128 ad
601 4052 880 4128 conducendum
894 4057 930 4126 in
946 4058 1072 4130 urbem
1089 4075 1123 4132 ot
1140 4059 1350 4132 sociandum
1368 4085 1471 4134 suum

452 4299 480 4354 l.
503 4297 607 4371 Aliquo
621 4289 694 4352 dans
709 4292 736 4351 le
752 4313 805 4354 tns.
