3322 5172
585 576 693 632 tmlttt
719 575 890 648 QUINTUS·
1221 583 1278 640 tot

217 697 426 798 hujusmodi
437 700 724 774 exsecutionibus
735 701 992 794 incubuerunt,
1007 720 1145 778 nonest
1159 705 1206 778 ad
1215 731 1278 780 co·

217 818 403 915 gitandum
419 819 537 908 facile,
562 819 674 891 relatu
698 844 783 891 vero
801 818 907 916 longe
925 821 1116 896 difficilius.
1138 824 1279 898 Etenim

216 933 347 1032 passim
364 950 399 1008 et
413 935 489 1006 sine
510 935 584 1006 ullo
601 933 738 1008 delectu
760 959 884 1007 omnes
901 936 1058 1009 ecclesiae
1081 952 1116 1010 et
1139 939 1278 1036 quales-

217 1070 372 1145 cumque
390 1049 559 1146 religiosae
571 1048 720 1136 domus,
737 1049 794 1122 vel
808 1050 870 1149 pia
883 1052 963 1124 loca
979 1075 1042 1124 seu
1055 1051 1148 1122 tituli
1165 1051 1278 1125 eccle-

216 1163 358 1256 siastici,
370 1164 425 1236 vel
439 1165 486 1237 ad
496 1165 702 1238 alimoniam
718 1190 930 1264 pauperum,
940 1191 1001 1239 seu
1015 1191 1119 1238 usum
1128 1167 1279 1242 lumina·

216 1280 310 1354 rium
320 1297 382 1354 aut
392 1282 527 1379 aliquas
536 1282 762 1354 necessitates
773 1282 829 1354 vel
839 1297 1051 1356 ornamenta
1061 1283 1278 1382 templorum

216 1411 252 1468 et
266 1396 494 1472 ecclesiarum
509 1396 816 1495 qualitercumque
829 1396 963 1471 donata
974 1398 1031 1472 vel
1047 1413 1274 1498 comparata,

217 1537 291 1587 non
312 1515 424 1588 modo
446 1515 491 1586 ab
512 1515 596 1612 ipsis
619 1514 801 1609 sexaginta
815 1511 968 1613 [annis],
992 1514 1056 1588 sed
1081 1518 1186 1588 etiam
1217 1542 1277 1589 su-

215 1653 299 1728 pra,
328 1644 364 1702 et
386 1656 408 1704 a
430 1629 676 1702 vetustissimis
703 1628 948 1727 temporibus,
982 1631 1019 1701 in
1048 1631 1141 1703 illins
1172 1657 1278 1707 exac-

214 1743 323 1816 tionis
357 1742 519 1816 nefandae
560 1743 752 1816 discrimen
784 1741 1084 1841 adducebantur;
1118 1746 1168 1817 ita
1210 1761 1274 1840 ut,

214 1859 349 1957 absque
365 1858 438 1933 nlla
461 1859 687 1934 miseratione
709 1885 764 1951 ea,
781 1884 848 1959 pro
870 1860 1016 1933 arbitrio
1034 1875 1071 1932 et
1092 1861 1277 1937 voluntate

214 1990 482 2068 exsecutorum,
499 1978 672 2074 pecunia,
697 1974 744 2048 ad
764 1997 876 2074 quam
902 1975 1127 2065 taxabantur,
1146 1976 1276 2052 redimi

214 2105 411 2189 oporteret.
584 2167 591 2178 ,

261 2211 343 2280 Haec
359 2221 488 2279 autem
511 2207 648 2279 exactio
673 2206 831 2305 plurium
855 2208 1088 2283 aestimatione
1112 2221 1148 2282 et
1167 2210 1274 2282 totins

212 2319 323 2395 serme
341 2323 457 2419 vulgi,
476 2347 584 2421 aquo
600 2324 638 2394 in
656 2322 905 2418 hujuscemodi
929 2324 1031 2394 terris
1048 2325 1190 2396 insueta
1209 2350 1274 2422 pe·

213 2439 308 2511 nitus
323 2453 430 2535 atque
443 2437 604 2510 inaudita
618 2462 693 2510 esse
712 2436 904 2526 ferebatur,
919 2436 1060 2510 divinos
1077 2437 1214 2512 favores
1232 2464 1275 2512 ac

212 2555 277 2626 Dei
291 2553 549 2650 benignitatem
564 2551 685 2624 abillo
700 2553 861 2651 principe
873 2551 995 2623 tulisse
1006 2565 1114 2650 atque
1125 2578 1272 2652 prorsus

212 2665 383 2740 alienasse
404 2666 628 2767 putabatur¹.
647 2671 737 2738 Nam
760 2667 939 2740 anteriore
959 2681 1141 2766 tempore,
1168 2670 1273 2742 toties

253 2873 282 2928 l.
305 2867 346 2931 La
367 2869 461 2928 meme
478 2867 544 2927 idc'e
560 2889 578 2928 a
595 2869 639 2927 dte
655 2867 803 2948 exprimes
816 2887 887 2927 arec
903 2867 940 2926 de
956 2866 1079 2928 curienx
1099 2867 1274 2949 developpe·

212 2971 304 3018 ments
322 2979 375 3038 par
388 2959 553 3019 Guillaume
566 2958 666 3031 Hc'da,
681 2958 732 3036 qui
751 2959 838 3016 vdent
851 2977 888 3016 en
903 2959 998 3016 meme
1012 2969 1105 3037 temps
1117 2975 1175 3035 que
1190 2958 1275 3018 Basin

211 3049 267 3108 alu
280 3069 353 3108 cour
365 3048 515 3110 d’Utrecht
532 3073 538 3107 :
555 3075 569 3104 a
584 3048 692 3108 Volunt
704 3049 841 3108 continue
854 3049 999 3108 sormnam
1012 3048 1055 3106 illi
1067 3048 1207 3124 arrisisse,
1223 3048 1275 3108 scd

211 3139 331 3217 coepisse
339 3140 488 3201 adversari
499 3159 566 3200 cum
577 3139 716 3199 tributum
728 3138 890 3218 imponeret
900 3138 1045 3212 Ecclesia,
1060 3157 1124 3215 quae
1139 3156 1274 3217 magnam

210 3225 373 3306 patiebatur
395 3229 586 3289 exactionem.
611 3227 695 3303 Quod
719 3246 779 3285 non
801 3227 918 3301 exejus
938 3226 1086 3284 voluntate
1106 3224 1274 3298 (eratenim

212 3319 435 3399 magnanimus),
446 3321 496 3379 sed
508 3341 545 3382 ex
554 3319 749 3399 quorumdam
761 3320 897 3380 instinctu
909 3333 938 3379 et
949 3319 1063 3377 sinistra
1071 3317 1275 3378 informatione

211 3407 348 3486 (suspicio
361 3420 422 3465 erat
443 3408 479 3466 de
494 3410 627 3468 Johanne
644 3413 742 3468 Leone
762 3421 791 3468 et
809 3407 935 3467 Antonio
950 3412 1082 3464 Annemn
1096 3425 1113 3464 a
1125 3405 1274 3480 consiliis),

210 3496 383 3576 processisse
397 3495 523 3558 aiebant.
543 3497 672 3556 Invisum
688 3515 766 3578 unm
782 3509 844 3556 erat
857 3509 886 3556 ct
898 3495 1062 3556 inauditum
1078 3493 1157 3573 quod
1178 3507 1275 3553 extor-

211 3599 311 3646 serunt
327 3605 344 3644 a
359 3585 415 3664 piis
435 3585 517 3644 locis.
541 3589 577 3643 Et
596 3581 713 3662 quidem
732 3584 879 3643 lohannes
893 3587 1035 3643 Boslrusen
1053 3583 1271 3664 superveniens,

210 3696 270 3734 non
284 3676 396 3734 minore
410 3676 506 3754 rigore
525 3694 593 3732 usus
613 3674 700 3732 luisse
721 3672 828 3732 dicitur
842 3674 873 3731 in
888 3674 1042 3752 exigendo.
1058 3677 1086 3731 Is
1106 3673 1182 3731 enim
1203 3691 1273 3750 spo·

210 3765 284 3825 lians
304 3763 452 3843 quoddam
475 3763 639 3824 coenobium
661 3762 867 3822 canonicorum
888 3765 1088 3844 regularium,
1110 3760 1276 3839 arripiendo

211 3873 281 3914 rasa
291 3866 426 3933 argentea
438 3865 524 3930 atque
538 3864 718 3922 ornamenta,
733 3874 747 3903 e
758 3849 827 3909 Haec
841 3849 926 3926 lacio,
936 3851 1041 3928 inquit,
1058 3870 1094 3908 ex
1106 3849 1275 3908 auctoritate

213 3967 229 3997 ι
244 3943 355 4001 domini
371 3942 444 4016 mei;
465 3967 480 3996 a
510 3955 539 4000 et
560 3940 650 4022 digito
673 3937 827 3998 ostendens
848 3939 1003 4019 imaginem
1022 3937 1127 3997 Christi
1145 3936 1274 3996 crucifixi

210 4033 328 4091 inlixam
341 4031 442 4110 parieti
457 4054 464 4088 ι
484 4057 497 4084 ι
511 4035 567 4106 En,
582 4030 695 4108 inquit,
708 4041 805 4088 vester
818 4026 968 4102 dominus,
979 4027 1027 4086 hic
1041 4044 1094 4086 ros
1107 4023 1240 4098 adjuvetl
1259 4051 1272 4080 n

210 4121 296 4181 Unde
311 4121 452 4179 creditum
470 4133 513 4179 est
528 4121 608 4199 quad
622 4120 787 4199 paulopost
805 4118 924 4178 Carolus
937 4116 982 4176 bis
996 4115 1109 4174 sinistre
1123 4133 1275 4194 pugnave-

211 4211 250 4268 rit
262 4223 291 4269 et
303 4209 334 4267 in
346 4208 430 4271 tertio
438 4208 539 4288 praelio
547 4208 694 4283 ceciderit,
708 4219 896 4288 auctoresque
907 4201 1045 4284 temporis
1054 4221 1187 4262 successu
1198 4202 1276 4260 male

211 4300 363 4360 interiisse.
374 4300 506 4360 Succedit
515 4301 618 4374 Maria,
628 4301 687 4360 filia
696 4293 802 4376 Caebli,
818 4301 849 4360 in
863 4298 1039 4378 amplissima
1052 4294 1193 4368 dominia,
1207 4313 1272 4372 quae
