3384 5184
388 528 446 586 lo!
657 521 915 586 utsromatttnt
934 525 1113 588 nnnovrct
1132 528 1176 586 xl

689 909 839 993 LIBER
871 911 1145 994 SECUNDUS.

551 1405 554 1412 ’
648 1434 942 1505 crrrrnnun
975 1433 1187 1507 rnruun.

385 1635 532 1710 Quomodo
543 1658 632 1694 eomes
647 1639 779 1694 Dunensis
793 1629 888 1695 iterato
899 1658 916 1693 ι
929 1657 991 1712 rege
1002 1637 1052 1692 fuit
1063 1637 1092 1692 in
1103 1636 1268 1692 Britanniam
1281 1641 1388 1709 miuus,
1400 1659 1449 1695 nee

422 1723 458 1780 ad
475 1738 537 1780 enm
556 1743 687 1791 reversue3
706 1723 780 1778 etde
800 1723 955 1796 principum
971 1721 1047 1794 regni
1063 1722 1200 1775 communi
1220 1723 1405 1796 conjuratione
1424 1737 1451 1778 et

421 1809 548 1876 motione,
564 1809 722 1881 uteiehant,
736 1807 773 1864 ed
784 1809 947 1881 Reipublicae
957 1807 1033 1881 regni
1043 1807 1269 1864 instaurationem.
1404 1815 1407 1821 '

436 1993 628 2083 Postquam
648 1985 754 2082 igitur
775 1983 941 2076 Carolus,
961 1982 1080 2056 Caroli
1103 1984 1246 2084 septimi
1262 1983 1358 2058 lilius
1379 1984 1449 2061 fra·
1552 2040 1557 2048 .

389 2119 513 2201 terque
530 2102 701 2175 Ludovici
721 2102 830 2199 regis,
851 2125 874 2174 a
893 2100 1009 2174 fratris
1029 2101 1201 2174 comitatu
1219 2101 1396 2176 obductus
1415 2121 1452 2179 et

386 2219 434 2294 ad
448 2219 579 2292 ducem
590 2218 779 2290 Britanniae
791 2215 968 2289 adductus
979 2215 1091 2289 modo
1103 2219 1285 2317 praemisso
1297 2221 1447 2313 exstitit,

386 2335 612 2414 Ludovicum
632 2334 917 2407 vehementiores
936 2331 1249 2431 apprehenderant
1264 2359 1358 2408 eurae
1373 2361 1450 2410 me·

387 2463 515 2550 tusque
532 2466 639 2548 atque
656 2450 862 2522 anxietates.
879 2453 980 2536 Quos
994 2462 1034 2520 ut
1047 2473 1119 2522 ase
1133 2461 1298 2552 excutere
1314 2469 1447 2550 posset,

389 2567 537 2640 tentavit
557 2567 686 2639 iterum
704 2565 873 2640 eumdem
886 2561 1207 2639 lratrem'suu'm'ad
1225 2590 1263 2640 se
1279 2591 1449 2644 revocare

387 2699 423 2758 et
450 2684 638 2757 Britanniae
661 2683 793 2756 ducem
816 2681 884 2755 sibi
907 2671 1112 2755 conciliare.
1139 2681 1197 2753 Ob
1218 2705 1328 2780 quarn
1351 2709 1447 2779 rern,

386 2801 595 2874 cumvarios
603 2801 750 2873 nuntios
759 2799 999 2898 epistolasque
1011 2798 1330 2897 incassumpluries
1341 2815 1451 2875 trans·

387 2918 551 3011 misisset,
563 2915 721 2990 decrevit
732 2915 853 2988 denuo
866 2912 1217 3002 illustremoomitem
1228 2919 1448 3009 Dunensem,

390 3030 436 3104 de
449 3031 632 3105 Britannia
648 3029 743 3102 adse
759 3053 956 3119 reversum,
970 3027 1052 3101 licet
1065 3029 1263 3103 arthreticis
1279 3033 1451 3131 passioni·

387 3145 457 3219 bus
481 3161 517 3219 et
541 3145 701 3246 podagra
723 3145 876 3244 graviter
898 3144 1155 3237 laborantem,·
1169 3145 1230 3222 illo
1252 3148 1449 3242 destinare,

387 3260 721 3359 invitumquelioet,
740 3259 858 3357 coegit
875 3258 959 3331 illuc
975 3258 1184 3358 proficisci¹.
1204 3264 1452 3364 Ferebantque

389 3377 554 3451 nonnulli
572 3401 693 3474 regem
710 3376 971 3450 comminatum
987 3376 1055 3450 sibi
1076 3377 1177 3477 quod
1195 3378 1241 3450 ab
1261 3404 1306 3452 eo
1327 3407 1452 3480 poenas
1514 3401 1520 3413 ’

388 3509 605 3592 reposceret,
624 3495 693 3567 nisi
708 3492 754 3568 ad
771 3493 1009 3568 intentionem
1026 3519 1129 3568 suam
1144 3493 1335 3571 efficaciter
1349 3499 1453 3574 labo-
1515 3539 1524 3558 ι

388 3623 494 3682 raret.
511 3609 721 3685 AEstimabat
736 3611 849 3704 enim,
867 3635 911 3684 eo
928 3609 1029 3709 quod
1046 3610 1236 3685 Britanniae
1249 3613 1321 3686 dux
1338 3639 1452 3715 nepos

429 3815 457 3872 l.
481 3815 521 3874 Ge
534 3819 608 3874 n'est
618 3835 670 3894 pas
679 3835 716 3876 en
729 3820 871 3896 Bretagne
882 3833 940 3892 que
950 3815 993 3875 fut
1006 3817 1120 3896 envoy&
1130 3817 1159 3878 le
1170 3832 1264 3880 oomte
1277 3819 1314 3880 de
1327 3823 1450 3901 Dunois,

388 3901 461 3962 mais
486 3921 523 3962 en
547 3904 662 3980 Anjou,
686 3908 725 3965 οὺ
745 3925 804 3966 une
823 3903 995 3966 conserenee
1018 3918 1068 3967 eut
1086 3907 1146 3967 lieu
1167 3921 1250 3970 entre
1267 3910 1327 3985 lui,
1347 3911 1375 3972 le
1396 3912 1452 3972 duc

389 3989 426 4051 de
450 3997 591 4075 Bretagne
619 4007 649 4054 et
677 3994 706 4054 le
730 3995 774 4054 roi
797 3993 835 4052 de
859 3993 965 4067 Sicile,
991 3997 1008 4054 l
1033 3995 1062 4056 le
1078 3998 1350 4074 Roehe·au·Duo,
1380 4001 1452 4062 dens

387 4079 429 4142 les
443 4082 584 4161 premiere
600 4082 1037 4158 joursd'avrilllfi5.1tecueil
1055 4085 1091 4146 de
1105 4087 1204 4148 lettres
1226 4109 1276 4150 sur
1295 4089 1324 4150 la
1347 4110 1453 4172 guerre

387 4168 427 4228 du
449 4171 520 4231 Bien
539 4172 655 4252 public,
679 4171 752 4232 dans
774 4172 816 4231 les
838 4175 1015 4232 Documento
1035 4173 1154 4249 inedie,
1177 4182 1347 4258 Meleager,
1368 4191 1390 4242 t.
1410 4182 1450 4256 11,
