3014 5010
173 421 233 495 m
448 426 702 485 tttstotttstttttt
722 427 902 486 wnovtct
923 428 967 485 11

175 560 386 658 rogisqnaru
399 559 605 658 principum
621 583 785 649 muno,
799 559 906 632 fuisse
913 559 1093 648 deiectos,
1109 557 1264 654 quibus

178 703 245 777 pro
270 676 371 751 bono
400 676 546 776 publico
573 690 609 749 et
635 677 864 748 instauranda
893 677 930 747 in
956 675 1147 746 meliorem
1177 675 1264 746 sor·

176 821 274 870 marn
295 821 334 868 rc
351 795 495 895 publica
510 796 605 894 (quae
617 821 692 866 non
707 795 819 867 modo
833 796 970 895 dilapsa
983 795 1039 866 vel
1051 793 1260 880 deformis,

175 911 259 1003 aad,
282 927 321 985 nt
336 915 411 1010 jam
424 888 536 1011 supra
553 911 682 985 dixisse
698 914 947 1002 meminimus,
966 910 1260 1010 proculdubio,

175 1028 319 1131 penitus
343 1028 516 1101 exstincta
542 1026 712 1121 nullaque
732 1029 807 1124 jam
832 1041 927 1118 erat,
951 1028 1027 1098 sola
1049 1051 1119 1125 pro
1145 1029 1263 1099 omni

177 1144 316 1219 tatione
351 1141 536 1213 voluntate
569 1144 787 1240 imperante)
826 1157 983 1240 potestas
1013 1139 1175 1212 dabatur
1217 1143 1261 1214 in

178 1283 289 1331 nnurn
304 1256 563 1347 ‹rotrvcniendi,
578 1271 613 1328 et
624 1258 852 1357 concipiendi
868 1283 909 1330 ac
920 1256 1140 1329 decernendi
1151 1283 1259 1354 quae,

176 1400 243 1474 pro
270 1372 396 1445 cadcrn
413 1372 631 1447 restituenda
649 1388 704 1461 et,
724 1399 768 1445 ex
783 1373 880 1445 velut
899 1386 1061 1464 mortua,
1082 1372 1263 1446 rediviva

175 1490 380 1583 ciiiciendn,
404 1491 503 1565 utilia
529 1505 636 1589 atque
654 1489 811 1563 salubria
830 1515 906 1562 esse
928 1488 1152 1561 viderentur.
1177 1488 1260 1561 Sed

175 1610 256 1704 quis
283 1606 367 1681 inde
384 1606 531 1681 css'ectus
559 1607 615 1678 vel
635 1605 836 1704 proiectus,
855 1617 936 1702 post
953 1605 1162 1703 principum
1178 1604 1261 1676 dis-

175 1724 393 1812 cessionem,
426 1722 563 1821 sperari
590 1736 752 1821 poterat,
782 1746 866 1793 cum
903 1719 1065 1820 proiecto
1097 1718 1261 1793 liberius

177 1855 274 1940 post,
295 1863 404 1936 quam
429 1853 529 1928 ante,
549 1837 675 1909 elatius
703 1852 810 1935 atque
834 1835 1057 1908 ambitiosius
1080 1850 1118 1906 et
1134 1838 1258 1908 tumi-

176 1954 258 2029 dius
277 1956 382 2027 unius
410 1953 519 2026 solius
547 1969 710 2048 regnaret
737 1951 952 2025 arbitrium?
977 1957 1004 2023 Α
1031 1975 1106 2047 quo
1132 1953 1258 2024 etiam

180 2069 397 2169 quibusque,
417 2070 647 2166 quantumvis
664 2069 751 2142 boni
768 2069 834 2141 zeli
851 2068 970 2140 forent
987 2067 1085 2162 (qui¹
1108 2067 1260 2163 princi·

178 2185 283 2287 pibus
315 2184 361 2259 ad
391 2185 484 2258 hotto
508 2200 667 2258 sanctam
687 2185 924 2257 intentionem
943 2197 980 2257 et
995 2181 1104 2252 finem
1121 2182 1259 2255 lauda·

182 2301 292 2376 bilem
319 2327 356 2373 se
379 2301 576 2374 subservire
599 2303 904 2392 existimaverant,
926 2299 1015 2372 nihil
1032 2297 1132 2370 aliud
1146 2324 1256 2395 qum·

181 2437 298 2494 rentes
316 2435 376 2492 ant
399 2423 596 2520 sperantes)
613 2445 680 2519 pro
697 2420 856 2492 maximo
872 2418 1008 2517 probro
1025 2430 1060 2488 et
1075 2417 1256 2488 convicio

178 2536 414 2631 objiciebatur
444 2553 479 2610 et
510 2536 814 2636 exprobrabatur,
845 2535 945 2633 quod
976 2534 1043 2633 ipsi
1071 2532 1254 2606 debono

180 2651 323 2751 publico
340 2651 563 2723 exstitissent.
588 2649 681 2721 Nihil
707 2652 827 2746 itaque
840 2648 886 2722 ab
908 2649 970 2720 iilo
990 2647 1255 2719 terdnodeno-

179 2765 277 2838 viruli
293 2766 430 2860 jndicio
447 2767 587 2862 ,sanitas
604 2766 838 2837 constitutum
850 2779 924 2852 est;
946 2789 1011 2835 nec
1029 2788 1143 2852 unus,
1159 2779 1254 2861 post

179 2881 380 2981 principuus
408 2881 726 2975 disgregationem,
754 2880 821 2950 nisi
846 2904 930 2951 cnm
953 2879 1009 2950 sui
1033 2876 1254 2950 eminentis-

177 2999 269 3068 sitno
296 2996 452 3095 periculo
474 2995 619 3092 capitis,
647 2994 693 3065 de
716 2994 966 3066 conveniendo
986 2995 1021 3064 in
1043 3017 1159 3064 unum
1175 3020 1251 3092 pro

178 3111 428 3206 hujuscemodi
450 3135 557 3184 carun
575 3110 631 3181 vel
646 3111 753 3182 etiam
771 3110 816 3182 de
832 3134 875 3182 ea
891 3135 930 3182 re
946 3110 1170 3181 mentionem
1193 3110 1252 3182 fa·

179 3250 259 3299 cere
279 3229 455 3300 ullatenus
478 3252 606 3302 ausum
635 3250 816 3298 assumere
846 3226 1019 3323 potuisset
1030 3227 1053 3293 ¹.
1081 3227 1124 3294 Et
1145 3239 1251 3298 certe

178 3449 196 3507 t
215 3446 377 3505 commines
401 3446 438 3505 tie
460 3446 581 3525 Lenglet
596 3445 761 3520 Dnsresnoy
780 3447 813 3515 (t.
834 3446 874 3512 11,
893 3462 923 3520 p·
941 3446 1020 3514 519).
1042 3442 1191 3520 L'ereque
1209 3445 1251 3505 de

178 3533 293 3593 Lisisns
309 3554 324 3609 y
343 3535 433 3700 tipum
452 3554 490 3593 au
509 3534 655 3595 troisietne
671 3553 742 3611 rang
756 3532 842 3610 apres
860 3529 902 3588 ies
919 3531 1044 3609 ereques
1061 3531 1102 3590 dn
1114 3535 1199 3591 Mans
1217 3547 1250 3592 et

177 3622 215 3682 de
231 3622 320 3679 Paris.

219 3716 247 3770 t.
275 3710 382 3785 Qntbns
396 3709 469 3768 dans
483 3708 510 3767 ie
524 3728 578 3770 ms.

217 3805 245 3861 ὲ.
272 3805 389 3860 Errenr.
408 3802 449 3857 La
470 3798 655 3858 summissim
673 3815 749 3874 pour
775 3794 803 3851 le
825 3792 893 3850 bien
911 3794 1010 3870 public
1034 3795 1202 3855 s'assembla
1229 3804 1249 3858 ὲ

176 3890 273 3958 Paris,
296 3910 367 3947 arec
388 3907 447 3946 nne
463 3887 573 3963 grande
588 3887 747 3951 solennite,
767 3886 797 3940 le
815 3885 852 3939 16
867 3883 961 3953 juillet
974 3887 1062 3942 1666.
1084 3885 1165 3943 llest
1178 3889 1249 3947 mi

175 3981 281 4058 qn'eiie
300 3979 377 4037 avait
399 3977 445 4034 ete
463 3974 577 4032 renuite
594 3979 608 4030 a
628 3976 708 4050 vingt
724 3985 808 4030 etun
831 3969 984 4028 membres.
999 3977 1147 4038 L’auteur,
1163 3975 1248 4034 alors

176 4070 286 4147 reittgie
299 4089 335 4126 en
348 4066 496 4144 belgione,
511 4065 553 4120 tut
566 4061 807 4120 necessairement
819 4058 880 4114 i'nn
894 4056 930 4115 ue
943 4079 1019 4117 ceux
1031 4080 1081 4117 sur
1092 4061 1142 4134 qui
1157 4076 1246 4137 pom

176 4158 379 4219 bressenco.
