<?xml version="1.0" encoding="UTF-8"?>
<!DOCTYPE html PUBLIC "-//W3C//DTD XHTML 1.0 Transitional//EN"
    "http://www.w3.org/TR/xhtml1/DTD/xhtml1-transitional.dtd">
<html xmlns="http://www.w3.org/1999/xhtml" xml:lang="en" lang="en">
 <head>
  <title>
</title>
<meta http-equiv="Content-Type" content="text/html;charset=utf-8" />
  <meta name='ocr-system' content='tesseract 3.04.00' />
  <meta name='ocr-capabilities' content='ocr_page ocr_carea ocr_par ocr_line ocrx_word'/>
</head>
<body>
  <div class='ocr_page' id='page_1' title='image "./histoiredesrgne02amelgoog_0267.png"; bbox 0 0 3384 5184; ppageno 0'>
   <div class='ocr_carea' id='block_1_1' title="bbox 384 529 1173 592">
    <p class='ocr_par' dir='ltr' id='par_1_1' title="bbox 384 529 1173 592">
     <span class='ocr_line' id='line_1_1' title="bbox 384 529 1173 592; baseline -0.003 -2"><span class='ocrx_word' id='word_1_1' title='bbox 384 533 440 592; x_wconf 71' lang='lat' dir='ltr'><strong>tat</strong></span> <span class='ocrx_word' id='word_1_2' title='bbox 657 529 913 588; x_wconf 74' lang='lat' dir='ltr'><strong>ntsronlanon</strong></span> <span class='ocrx_word' id='word_1_3' title='bbox 933 529 1110 587; x_wconf 83' lang='lat' dir='ltr'>LUDOVICI</span> <span class='ocrx_word' id='word_1_4' title='bbox 1129 530 1173 588; x_wconf 86' lang='lat' dir='ltr'><strong>XI</strong></span> 
     </span>
    </p>
   </div>
   <div class='ocr_carea' id='block_1_2' title="bbox 291 660 1480 4367">
    <p class='ocr_par' dir='ltr' id='par_1_2' title="bbox 291 660 1439 2851">
     <span class='ocr_line' id='line_1_2' title="bbox 383 660 1439 760; baseline -0.004 -24"><span class='ocrx_word' id='word_1_5' title='bbox 383 663 605 736; x_wconf 87' lang='lat' dir='ltr'><strong>madvertere</strong></span> <span class='ocrx_word' id='word_1_6' title='bbox 623 663 863 760; x_wconf 85' lang='lat' dir='ltr'><strong>permisisset)</strong></span> <span class='ocrx_word' id='word_1_7' title='bbox 884 676 1004 736; x_wconf 89' lang='lat' dir='ltr'><strong>custos</strong></span> <span class='ocrx_word' id='word_1_8' title='bbox 1029 676 1064 734; x_wconf 90' lang='lat' dir='ltr'><strong>et</strong></span> <span class='ocrx_word' id='word_1_9' title='bbox 1090 675 1285 760; x_wconf 89' lang='lat' dir='ltr'><strong>protector,</strong></span> <span class='ocrx_word' id='word_1_10' title='bbox 1304 660 1439 759; x_wconf 83' lang='lat' dir='ltr'><strong>absque</strong></span> 
     </span>
     <span class='ocr_line' id='line_1_3' title="bbox 339 777 1439 879; baseline -0.003 -26"><span class='ocrx_word' id='word_1_11' title='bbox 339 848 341 853; x_wconf 89' lang='lat'><em>.</em></span> <span class='ocrx_word' id='word_1_12' title='bbox 381 780 501 879; x_wconf 90' lang='lat' dir='ltr'><strong>aliquo</strong></span> <span class='ocrx_word' id='word_1_13' title='bbox 528 803 654 852; x_wconf 88' lang='lat' dir='ltr'><strong>eorum</strong></span> <span class='ocrx_word' id='word_1_14' title='bbox 676 794 819 878; x_wconf 91' lang='lat' dir='ltr'><strong>sumptu</strong></span> <span class='ocrx_word' id='word_1_15' title='bbox 846 779 902 852; x_wconf 92' lang='lat' dir='ltr'><strong>vel</strong></span> <span class='ocrx_word' id='word_1_16' title='bbox 921 778 1147 877; x_wconf 82' lang='lat' dir='ltr'>gravamine,</span> <span class='ocrx_word' id='word_1_17' title='bbox 1177 777 1251 848; x_wconf 80' lang='lat' dir='ltr'><strong>dux</strong></span> <span class='ocrx_word' id='word_1_18' title='bbox 1275 781 1439 875; x_wconf 88' lang='lat' dir='ltr'><strong>Burgun-</strong></span> 
     </span>
     <span class='ocr_line' id='line_1_4' title="bbox 380 894 1438 993; baseline -0.005 -24"><span class='ocrx_word' id='word_1_19' title='bbox 380 895 532 969; x_wconf 90' lang='lat' dir='ltr'><strong>dionum</strong></span> <span class='ocrx_word' id='word_1_20' title='bbox 558 908 645 966; x_wconf 91' lang='lat' dir='ltr'><strong>erat.</strong></span> <span class='ocrx_word' id='word_1_21' title='bbox 670 898 762 965; x_wconf 88' lang='lat' dir='ltr'><strong>Corn</strong></span> <span class='ocrx_word' id='word_1_22' title='bbox 782 918 855 991; x_wconf 92' lang='lat' dir='ltr'><strong>quo</strong></span> <span class='ocrx_word' id='word_1_23' title='bbox 877 895 906 965; x_wconf 92' lang='lat' dir='ltr'><strong>si</strong></span> <span class='ocrx_word' id='word_1_24' title='bbox 930 895 968 966; x_wconf 93' lang='lat' dir='ltr'><strong>in</strong></span> <span class='ocrx_word' id='word_1_25' title='bbox 984 917 1071 993; x_wconf 89' lang='lat' dir='ltr'><strong>pace</strong></span> <span class='ocrx_word' id='word_1_26' title='bbox 1088 916 1299 993; x_wconf 87' lang='lat' dir='ltr'><strong>permanere</strong></span> <span class='ocrx_word' id='word_1_27' title='bbox 1316 894 1438 965; x_wconf 90' lang='lat' dir='ltr'><strong>scivis-</strong></span> 
     </span>
     <span class='ocr_line' id='line_1_5' title="bbox 378 1009 1438 1108; baseline -0.003 -24"><span class='ocrx_word' id='word_1_28' title='bbox 378 1028 481 1101; x_wconf 88' lang='lat' dir='ltr'><strong>sent,</strong></span> <span class='ocrx_word' id='word_1_29' title='bbox 513 1011 656 1098; x_wconf 92' lang='lat' dir='ltr'><strong>nullus,</strong></span> <span class='ocrx_word' id='word_1_30' title='bbox 684 1009 751 1081; x_wconf 92' lang='lat' dir='ltr'><strong>nisi</strong></span> <span class='ocrx_word' id='word_1_31' title='bbox 776 1009 894 1081; x_wconf 84' lang='lat' dir='ltr'><strong>fractis</strong></span> <span class='ocrx_word' id='word_1_32' title='bbox 919 1009 994 1106; x_wconf 88' lang='lat' dir='ltr'><strong>ejus</strong></span> <span class='ocrx_word' id='word_1_33' title='bbox 1010 1010 1166 1108; x_wconf 88' lang='lat' dir='ltr'><strong>primum</strong></span> <span class='ocrx_word' id='word_1_34' title='bbox 1182 1009 1438 1107; x_wconf 82' lang='lat' dir='ltr'><strong>prostratisque</strong></span> 
     </span>
     <span class='ocr_line' id='line_1_6' title="bbox 376 1123 1436 1225; baseline -0.003 -26"><span class='ocrx_word' id='word_1_35' title='bbox 376 1127 524 1217; x_wconf 92' lang='lat' dir='ltr'><strong>viribus,</strong></span> <span class='ocrx_word' id='word_1_36' title='bbox 546 1127 608 1223; x_wconf 89' lang='lat' dir='ltr'><strong>qui</strong></span> <span class='ocrx_word' id='word_1_37' title='bbox 626 1138 701 1195; x_wconf 92' lang='lat' dir='ltr'><strong>tum</strong></span> <span class='ocrx_word' id='word_1_38' title='bbox 718 1123 884 1225; x_wconf 87' lang='lat' dir='ltr'><strong>princeps</strong></span> <span class='ocrx_word' id='word_1_39' title='bbox 900 1125 1167 1224; x_wconf 85' lang='lat' dir='ltr'><strong>potentissimus</strong></span> <span class='ocrx_word' id='word_1_40' title='bbox 1181 1138 1269 1209; x_wconf 85' lang='lat' dir='ltr'><strong>erat,</strong></span> <span class='ocrx_word' id='word_1_41' title='bbox 1288 1123 1436 1197; x_wconf 90' lang='lat' dir='ltr'><strong>eosdem</strong></span> 
     </span>
     <span class='ocr_line' id='line_1_7' title="bbox 374 1237 1432 1339; baseline -0.005 -24"><span class='ocrx_word' id='word_1_42' title='bbox 374 1245 413 1316; x_wconf 91' lang='lat' dir='ltr'><strong>in</strong></span> <span class='ocrx_word' id='word_1_43' title='bbox 429 1242 525 1314; x_wconf 90' lang='lat' dir='ltr'><strong>dicta</strong></span> <span class='ocrx_word' id='word_1_44' title='bbox 536 1265 600 1312; x_wconf 89' lang='lat' dir='ltr'><strong>sua</strong></span> <span class='ocrx_word' id='word_1_45' title='bbox 613 1237 866 1336; x_wconf 84' lang='lat' dir='ltr'><strong>tranquillitate</strong></span> <span class='ocrx_word' id='word_1_46' title='bbox 879 1254 914 1312; x_wconf 91' lang='lat' dir='ltr'><strong>et</strong></span> <span class='ocrx_word' id='word_1_47' title='bbox 925 1265 1014 1338; x_wconf 89' lang='lat' dir='ltr'><strong>pace</strong></span> <span class='ocrx_word' id='word_1_48' title='bbox 1024 1239 1233 1339; x_wconf 87' lang='lat' dir='ltr'><strong>perturbare</strong></span> <span class='ocrx_word' id='word_1_49' title='bbox 1246 1239 1432 1337; x_wconf 90' lang='lat' dir='ltr'><strong>potuisset.</strong></span> 
     </span>
     <span class='ocr_line' id='line_1_8' title="bbox 378 1355 1436 1455; baseline -0.006 -23"><span class='ocrx_word' id='word_1_50' title='bbox 378 1363 489 1432; x_wconf 88' lang='lat' dir='ltr'><strong>Erant</strong></span> <span class='ocrx_word' id='word_1_51' title='bbox 510 1358 607 1430; x_wconf 91' lang='lat' dir='ltr'><strong>enim</strong></span> <span class='ocrx_word' id='word_1_52' title='bbox 629 1381 673 1428; x_wconf 88' lang='lat' dir='ltr'><strong>ex</strong></span> <span class='ocrx_word' id='word_1_53' title='bbox 696 1357 797 1428; x_wconf 91' lang='lat' dir='ltr'><strong>omni</strong></span> <span class='ocrx_word' id='word_1_54' title='bbox 819 1357 929 1429; x_wconf 85' lang='lat' dir='ltr'><strong>ferme</strong></span> <span class='ocrx_word' id='word_1_55' title='bbox 953 1373 1054 1455; x_wconf 85' lang='lat' dir='ltr'><strong>parte</strong></span> <span class='ocrx_word' id='word_1_56' title='bbox 1079 1356 1181 1429; x_wconf 91' lang='lat' dir='ltr'><strong>terris</strong></span> <span class='ocrx_word' id='word_1_57' title='bbox 1206 1371 1242 1428; x_wconf 89' lang='lat' dir='ltr'><strong>et</strong></span> <span class='ocrx_word' id='word_1_58' title='bbox 1268 1355 1436 1428; x_wconf 92' lang='lat' dir='ltr'><strong>dominiis</strong></span> 
     </span>
     <span class='ocr_line' id='line_1_9' title="bbox 377 1471 1435 1578; baseline -0.004 -28"><span class='ocrx_word' id='word_1_59' title='bbox 377 1478 449 1550; x_wconf 92' lang='lat' dir='ltr'><strong>suis</strong></span> <span class='ocrx_word' id='word_1_60' title='bbox 463 1473 709 1572; x_wconf 86' lang='lat' dir='ltr'><strong>circumsepti,</strong></span> <span class='ocrx_word' id='word_1_61' title='bbox 724 1471 771 1544; x_wconf 87' lang='lat' dir='ltr'><strong>ad</strong></span> <span class='ocrx_word' id='word_1_62' title='bbox 783 1497 917 1571; x_wconf 91' lang='lat' dir='ltr'><strong>eosque</strong></span> <span class='ocrx_word' id='word_1_63' title='bbox 929 1475 985 1545; x_wconf 84' lang='lat' dir='ltr'><strong>vix</strong></span> <span class='ocrx_word' id='word_1_64' title='bbox 999 1472 1060 1544; x_wconf 95' lang='lat' dir='ltr'><strong>ulli</strong></span> <span class='ocrx_word' id='word_1_65' title='bbox 1074 1473 1182 1565; x_wconf 91' lang='lat' dir='ltr'><strong>hosti,</strong></span> <span class='ocrx_word' id='word_1_66' title='bbox 1200 1473 1269 1545; x_wconf 91' lang='lat' dir='ltr'><strong>nisi</strong></span> <span class='ocrx_word' id='word_1_67' title='bbox 1278 1473 1435 1578; x_wconf 90' lang='lat' dir='ltr'><strong>primum</strong></span> 
     </span>
     <span class='ocr_line' id='line_1_10' title="bbox 375 1589 1435 1693; baseline -0.003 -27"><span class='ocrx_word' id='word_1_68' title='bbox 375 1593 559 1693; x_wconf 90' lang='lat' dir='ltr'><strong>irrupisset</strong></span> <span class='ocrx_word' id='word_1_69' title='bbox 592 1592 686 1690; x_wconf 91' lang='lat' dir='ltr'><strong>ipsas</strong></span> <span class='ocrx_word' id='word_1_70' title='bbox 724 1589 1022 1687; x_wconf 82' lang='lat' dir='ltr'><strong>Burgundionum</strong></span> <span class='ocrx_word' id='word_1_71' title='bbox 1057 1605 1190 1684; x_wconf 90' lang='lat' dir='ltr'><strong>terras,</strong></span> <span class='ocrx_word' id='word_1_72' title='bbox 1222 1590 1435 1688; x_wconf 89' lang='lat' dir='ltr'><strong>penetrandi</strong></span> 
     </span>
     <span class='ocr_line' id='line_1_11' title="bbox 291 1705 1435 1806; baseline -0.003 -24"><span class='ocrx_word' id='word_1_73' title='bbox 291 1721 294 1728; x_wconf 85' lang='grc'><strong>’</strong></span> <span class='ocrx_word' id='word_1_74' title='bbox 374 1709 522 1784; x_wconf 82' lang='lat' dir='ltr'><strong>facultas</strong></span> <span class='ocrx_word' id='word_1_75' title='bbox 539 1733 615 1780; x_wconf 89' lang='lat' dir='ltr'><strong>esse</strong></span> <span class='ocrx_word' id='word_1_76' title='bbox 631 1720 782 1806; x_wconf 91' lang='lat' dir='ltr'><strong>poterat.</strong></span> <span class='ocrx_word' id='word_1_77' title='bbox 811 1705 1000 1778; x_wconf 87' lang='lat' dir='ltr'><strong>Habebant</strong></span> <span class='ocrx_word' id='word_1_78' title='bbox 1020 1719 1139 1778; x_wconf 91' lang='lat' dir='ltr'><strong>autem</strong></span> <span class='ocrx_word' id='word_1_79' title='bbox 1162 1730 1248 1780; x_wconf 91' lang='lat' dir='ltr'><strong>cum</strong></span> <span class='ocrx_word' id='word_1_80' title='bbox 1266 1712 1435 1804; x_wconf 87' lang='lat' dir='ltr'><strong>Burgun-</strong></span> 
     </span>
     <span class='ocr_line' id='line_1_12' title="bbox 374 1821 1433 1918; baseline -0.003 -20"><span class='ocrx_word' id='word_1_81' title='bbox 374 1826 525 1899; x_wconf 90' lang='lat' dir='ltr'><strong>dionum</strong></span> <span class='ocrx_word' id='word_1_82' title='bbox 553 1824 646 1896; x_wconf 93' lang='lat' dir='ltr'><strong>duce</strong></span> <span class='ocrx_word' id='word_1_83' title='bbox 673 1821 807 1894; x_wconf 89' lang='lat' dir='ltr'><strong>soedera</strong></span> <span class='ocrx_word' id='word_1_84' title='bbox 831 1823 906 1918; x_wconf 89' lang='lat' dir='ltr'><strong>jam</strong></span> <span class='ocrx_word' id='word_1_85' title='bbox 930 1822 1107 1918; x_wconf 90' lang='lat' dir='ltr'><strong>antiqua,</strong></span> <span class='ocrx_word' id='word_1_86' title='bbox 1139 1824 1371 1896; x_wconf 88' lang='lat' dir='ltr'><strong>sacramentis</strong></span> <span class='ocrx_word' id='word_1_87' title='bbox 1397 1836 1433 1898; x_wconf 90' lang='lat' dir='ltr'><strong>et</strong></span> 
     </span>
     <span class='ocr_line' id='line_1_13' title="bbox 375 1936 1435 2038; baseline -0.003 -25"><span class='ocrx_word' id='word_1_88' title='bbox 375 1944 512 2038; x_wconf 89' lang='lat' dir='ltr'><strong>magnis</strong></span> <span class='ocrx_word' id='word_1_89' title='bbox 542 1962 730 2038; x_wconf 85' lang='lat' dir='ltr'><strong>poenarum</strong></span> <span class='ocrx_word' id='word_1_90' title='bbox 756 1936 1016 2032; x_wconf 89' lang='lat' dir='ltr'><strong>adjectionibus</strong></span> <span class='ocrx_word' id='word_1_91' title='bbox 1041 1937 1234 2032; x_wconf 72' lang='lat' dir='ltr'><strong>roborata,</strong></span> <span class='ocrx_word' id='word_1_92' title='bbox 1264 1965 1343 2038; x_wconf 87' lang='lat' dir='ltr'><strong>quae</strong></span> <span class='ocrx_word' id='word_1_93' title='bbox 1378 1939 1435 2011; x_wconf 93' lang='lat' dir='ltr'><strong>ni-</strong></span> 
     </span>
     <span class='ocr_line' id='line_1_14' title="bbox 375 2052 1433 2156; baseline -0.002 -28"><span class='ocrx_word' id='word_1_94' title='bbox 375 2057 488 2129; x_wconf 93' lang='lat' dir='ltr'><strong>mium</strong></span> <span class='ocrx_word' id='word_1_95' title='bbox 501 2070 633 2128; x_wconf 86' lang='lat' dir='ltr'><strong>temere</strong></span> <span class='ocrx_word' id='word_1_96' title='bbox 647 2068 683 2126; x_wconf 90' lang='lat' dir='ltr'><strong>et</strong></span> <span class='ocrx_word' id='word_1_97' title='bbox 694 2052 844 2153; x_wconf 86' lang='lat' dir='ltr'><strong>perfide,</strong></span> <span class='ocrx_word' id='word_1_98' title='bbox 859 2053 904 2126; x_wconf 90' lang='lat' dir='ltr'><strong>de</strong></span> <span class='ocrx_word' id='word_1_99' title='bbox 913 2053 1046 2149; x_wconf 89' lang='lat' dir='ltr'><strong>junctis</strong></span> <span class='ocrx_word' id='word_1_100' title='bbox 1060 2053 1275 2151; x_wconf 87' lang='lat' dir='ltr'><strong>quibusdam</strong></span> <span class='ocrx_word' id='word_1_101' title='bbox 1286 2080 1433 2156; x_wconf 91' lang='lat' dir='ltr'><strong>parum·</strong></span> 
     </span>
     <span class='ocr_line' id='line_1_15' title="bbox 372 2167 1434 2271; baseline 0.001 -28"><span class='ocrx_word' id='word_1_102' title='bbox 372 2197 442 2269; x_wconf 94' lang='lat' dir='ltr'><strong>que</strong></span> <span class='ocrx_word' id='word_1_103' title='bbox 467 2168 547 2242; x_wconf 90' lang='lat' dir='ltr'><strong>lidis</strong></span> <span class='ocrx_word' id='word_1_104' title='bbox 570 2168 869 2270; x_wconf 88' lang='lat' dir='ltr'><strong>promissionibus</strong></span> <span class='ocrx_word' id='word_1_105' title='bbox 893 2167 1047 2262; x_wconf 89' lang='lat' dir='ltr'><strong>confisi,</strong></span> <span class='ocrx_word' id='word_1_106' title='bbox 1071 2185 1244 2244; x_wconf 85' lang='lat' dir='ltr'><strong>temerare</strong></span> <span class='ocrx_word' id='word_1_107' title='bbox 1269 2196 1434 2271; x_wconf 84' lang='lat' dir='ltr'><strong>praesum·</strong></span> 
     </span>
     <span class='ocr_line' id='line_1_16' title="bbox 371 2283 1434 2387; baseline 0 -29"><span class='ocrx_word' id='word_1_108' title='bbox 371 2299 533 2386; x_wconf 90' lang='lat' dir='ltr'><strong>pserunt.</strong></span> <span class='ocrx_word' id='word_1_109' title='bbox 544 2291 582 2358; x_wconf 92' lang='lat' dir='ltr'><strong>ln</strong></span> <span class='ocrx_word' id='word_1_110' title='bbox 595 2300 706 2358; x_wconf 87' lang='lat' dir='ltr'><strong>terras</strong></span> <span class='ocrx_word' id='word_1_111' title='bbox 714 2285 821 2382; x_wconf 89' lang='lat' dir='ltr'><strong>igitur</strong></span> <span class='ocrx_word' id='word_1_112' title='bbox 830 2309 871 2358; x_wconf 90' lang='lat' dir='ltr'><strong>ac</strong></span> <span class='ocrx_word' id='word_1_113' title='bbox 881 2283 1043 2359; x_wconf 89' lang='lat' dir='ltr'><strong>subditos</strong></span> <span class='ocrx_word' id='word_1_114' title='bbox 1053 2287 1186 2385; x_wconf 76' lang='lat' dir='ltr'><strong>praefati</strong></span> <span class='ocrx_word' id='word_1_115' title='bbox 1196 2287 1434 2387; x_wconf 89' lang='lat' dir='ltr'><strong>potentissimi</strong></span> 
     </span>
     <span class='ocr_line' id='line_1_17' title="bbox 373 2402 1431 2502; baseline 0.002 -28"><span class='ocrx_word' id='word_1_116' title='bbox 373 2403 475 2474; x_wconf 90' lang='lat' dir='ltr'><strong>ducis</strong></span> <span class='ocrx_word' id='word_1_117' title='bbox 491 2402 569 2501; x_wconf 88' lang='lat' dir='ltr'><strong>(qni</strong></span> <span class='ocrx_word' id='word_1_118' title='bbox 594 2402 796 2476; x_wconf 85' lang='lat' dir='ltr'><strong>nullatenus</strong></span> <span class='ocrx_word' id='word_1_119' title='bbox 821 2427 884 2475; x_wconf 90' lang='lat' dir='ltr'><strong>eos</strong></span> <span class='ocrx_word' id='word_1_120' title='bbox 910 2403 1087 2502; x_wconf 88' lang='lat' dir='ltr'><strong>impetens</strong></span> <span class='ocrx_word' id='word_1_121' title='bbox 1111 2427 1174 2476; x_wconf 90' lang='lat' dir='ltr'><strong>seu</strong></span> <span class='ocrx_word' id='word_1_122' title='bbox 1208 2403 1431 2501; x_wconf 87' lang='lat' dir='ltr'><strong>inquietans,</strong></span> 
     </span>
     <span class='ocr_line' id='line_1_18' title="bbox 372 2519 1434 2620; baseline 0.002 -28"><span class='ocrx_word' id='word_1_123' title='bbox 372 2533 556 2620; x_wconf 89' lang='lat' dir='ltr'><strong>protector</strong></span> <span class='ocrx_word' id='word_1_124' title='bbox 567 2534 603 2592; x_wconf 90' lang='lat' dir='ltr'><strong>et</strong></span> <span class='ocrx_word' id='word_1_125' title='bbox 615 2520 774 2619; x_wconf 83' lang='lat' dir='ltr'><strong>clypeus,</strong></span> <span class='ocrx_word' id='word_1_126' title='bbox 793 2533 833 2591; x_wconf 92' lang='lat' dir='ltr'><strong>ut</strong></span> <span class='ocrx_word' id='word_1_127' title='bbox 849 2519 1015 2611; x_wconf 80' lang='lat' dir='ltr'><strong>diximus,</strong></span> <span class='ocrx_word' id='word_1_128' title='bbox 1034 2545 1106 2591; x_wconf 85' lang='lat' dir='ltr'><strong>suae</strong></span> <span class='ocrx_word' id='word_1_129' title='bbox 1120 2521 1382 2619; x_wconf 87' lang='lat' dir='ltr'><strong>tranquillitatis</strong></span> <span class='ocrx_word' id='word_1_130' title='bbox 1398 2536 1434 2594; x_wconf 92' lang='lat' dir='ltr'><strong>et</strong></span> 
     </span>
     <span class='ocr_line' id='line_1_19' title="bbox 372 2635 1430 2735; baseline 0.002 -27"><span class='ocrx_word' id='word_1_131' title='bbox 372 2649 478 2708; x_wconf 87' lang='lat' dir='ltr'><strong>tantae</strong></span> <span class='ocrx_word' id='word_1_132' title='bbox 494 2635 664 2710; x_wconf 89' lang='lat' dir='ltr'><strong>libertatis</strong></span> <span class='ocrx_word' id='word_1_133' title='bbox 695 2635 800 2732; x_wconf 86' lang='lat' dir='ltr'><strong>gratis</strong></span> <span class='ocrx_word' id='word_1_134' title='bbox 824 2649 860 2705; x_wconf 89' lang='lat' dir='ltr'><strong>et</strong></span> <span class='ocrx_word' id='word_1_135' title='bbox 874 2635 951 2708; x_wconf 92' lang='lat' dir='ltr'><strong>sine</strong></span> <span class='ocrx_word' id='word_1_136' title='bbox 969 2650 1116 2734; x_wconf 91' lang='lat' dir='ltr'><strong>sumptu</strong></span> <span class='ocrx_word' id='word_1_137' title='bbox 1133 2637 1224 2735; x_wconf 87' lang='lat' dir='ltr'><strong>erat)</strong></span> <span class='ocrx_word' id='word_1_138' title='bbox 1242 2637 1430 2731; x_wconf 88' lang='lat' dir='ltr'><strong>irruentes,</strong></span> 
     </span>
     <span class='ocr_line' id='line_1_20' title="bbox 372 2750 956 2851; baseline -0.002 -27"><span class='ocrx_word' id='word_1_139' title='bbox 372 2754 466 2851; x_wconf 91' lang='lat' dir='ltr'><strong>ipsas</strong></span> <span class='ocrx_word' id='word_1_140' title='bbox 483 2753 564 2849; x_wconf 87' lang='lat' dir='ltr'><strong>igne</strong></span> <span class='ocrx_word' id='word_1_141' title='bbox 581 2752 747 2850; x_wconf 85' lang='lat' dir='ltr'><strong>ferroque</strong></span> <span class='ocrx_word' id='word_1_142' title='bbox 759 2750 956 2824; x_wconf 88' lang='lat' dir='ltr'><strong>vastabant.</strong></span> 
     </span>
    </p>

    <p class='ocr_par' dir='ltr' id='par_1_3' title="bbox 367 2865 1480 4367">
     <span class='ocr_line' id='line_1_21' title="bbox 421 2865 1433 2970; baseline 0 -28"><span class='ocrx_word' id='word_1_143' title='bbox 421 2875 505 2942; x_wconf 90' lang='lat' dir='ltr'><strong>Erat</strong></span> <span class='ocrx_word' id='word_1_144' title='bbox 523 2881 600 2942; x_wconf 88' lang='lat' dir='ltr'><strong>tu&#39;m</strong></span> <span class='ocrx_word' id='word_1_145' title='bbox 622 2869 806 2960; x_wconf 81' lang='lat' dir='ltr'><strong>Brucellae,</strong></span> <span class='ocrx_word' id='word_1_146' title='bbox 832 2867 1028 2942; x_wconf 87' lang='lat' dir='ltr'><strong>Brabantiae</strong></span> <span class='ocrx_word' id='word_1_147' title='bbox 1044 2870 1159 2943; x_wconf 93' lang='lat' dir='ltr'><strong>nobili</strong></span> <span class='ocrx_word' id='word_1_148' title='bbox 1175 2865 1332 2970; x_wconf 84' lang='lat' dir='ltr'><strong>oppido,</strong></span> <span class='ocrx_word' id='word_1_149' title='bbox 1357 2870 1433 2969; x_wconf 89' lang='lat' dir='ltr'><strong>ipse</strong></span> 
     </span>
     <span class='ocr_line' id='line_1_22' title="bbox 375 2985 1434 3085; baseline 0.003 -28"><span class='ocrx_word' id='word_1_150' title='bbox 375 2986 517 3060; x_wconf 90' lang='lat' dir='ltr'><strong>illustris</strong></span> <span class='ocrx_word' id='word_1_151' title='bbox 547 2986 732 3085; x_wconf 90' lang='lat' dir='ltr'><strong>Philippus</strong></span> <span class='ocrx_word' id='word_1_152' title='bbox 765 2985 1065 3082; x_wconf 83' lang='lat' dir='ltr'><strong>Burgundionum</strong></span> <span class='ocrx_word' id='word_1_153' title='bbox 1097 2986 1183 3060; x_wconf 85' lang='lat' dir='ltr'><strong>dux.</strong></span> <span class='ocrx_word' id='word_1_154' title='bbox 1211 2987 1283 3074; x_wconf 89' lang='lat' dir='ltr'><strong>Qui</strong></span> <span class='ocrx_word' id='word_1_155' title='bbox 1309 2986 1434 3060; x_wconf 90' lang='lat' dir='ltr'><strong>videns</strong></span> 
     </span>
     <span class='ocr_line' id='line_1_23' title="bbox 373 3101 1433 3202; baseline 0.001 -28"><span class='ocrx_word' id='word_1_156' title='bbox 373 3101 538 3202; x_wconf 89' lang='lat' dir='ltr'><strong>populari</strong></span> <span class='ocrx_word' id='word_1_157' title='bbox 554 3101 626 3174; x_wconf 91' lang='lat' dir='ltr'><strong>hoc</strong></span> <span class='ocrx_word' id='word_1_158' title='bbox 642 3101 753 3173; x_wconf 90' lang='lat' dir='ltr'><strong>modo</strong></span> <span class='ocrx_word' id='word_1_159' title='bbox 771 3115 883 3172; x_wconf 90' lang='lat' dir='ltr'><strong>terras</strong></span> <span class='ocrx_word' id='word_1_160' title='bbox 899 3124 981 3172; x_wconf 87' lang='lat' dir='ltr'><strong>suas</strong></span> <span class='ocrx_word' id='word_1_161' title='bbox 1004 3126 1159 3200; x_wconf 91' lang='lat' dir='ltr'><strong>suosque</strong></span> <span class='ocrx_word' id='word_1_162' title='bbox 1175 3102 1338 3176; x_wconf 87' lang='lat' dir='ltr'><strong>subditos</strong></span> <span class='ocrx_word' id='word_1_163' title='bbox 1352 3115 1433 3201; x_wconf 87' lang='lat' dir='ltr'><strong>‘gra-</strong></span> 
     </span>
     <span class='ocr_line' id='line_1_24' title="bbox 373 3216 1433 3318; baseline 0 -28"><span class='ocrx_word' id='word_1_164' title='bbox 373 3219 463 3291; x_wconf 93' lang='lat' dir='ltr'><strong>viter</strong></span> <span class='ocrx_word' id='word_1_165' title='bbox 488 3218 615 3315; x_wconf 83' lang='lat' dir='ltr'><strong>affligi,</strong></span> <span class='ocrx_word' id='word_1_166' title='bbox 644 3218 763 3291; x_wconf 90' lang='lat' dir='ltr'><strong>statim</strong></span> <span class='ocrx_word' id='word_1_167' title='bbox 787 3240 895 3313; x_wconf 89' lang='lat' dir='ltr'><strong>quam</strong></span> <span class='ocrx_word' id='word_1_168' title='bbox 916 3219 1056 3315; x_wconf 91' lang='lat' dir='ltr'><strong>potuit,</strong></span> <span class='ocrx_word' id='word_1_169' title='bbox 1086 3242 1128 3289; x_wconf 83' lang='lat' dir='ltr'><strong>ex</strong></span> <span class='ocrx_word' id='word_1_170' title='bbox 1146 3216 1329 3292; x_wconf 87' lang='lat' dir='ltr'><strong>nobilitate</strong></span> <span class='ocrx_word' id='word_1_171' title='bbox 1354 3242 1433 3318; x_wconf 79' lang='lat' dir='ltr'><strong>quae</strong></span> 
     </span>
     <span class='ocr_line' id='line_1_25' title="bbox 373 3333 1480 3435; baseline 0.003 -31"><span class='ocrx_word' id='word_1_172' title='bbox 373 3334 515 3408; x_wconf 91' lang='lat' dir='ltr'><strong>residua</strong></span> <span class='ocrx_word' id='word_1_173' title='bbox 530 3360 644 3435; x_wconf 86' lang='lat' dir='ltr'><strong>prope</strong></span> <span class='ocrx_word' id='word_1_174' title='bbox 662 3358 699 3405; x_wconf 90' lang='lat' dir='ltr'><strong>se</strong></span> <span class='ocrx_word' id='word_1_175' title='bbox 719 3333 870 3405; x_wconf 89' lang='lat' dir='ltr'><strong>inveniri</strong></span> <span class='ocrx_word' id='word_1_176' title='bbox 886 3347 1027 3433; x_wconf 85' lang='lat' dir='ltr'><strong>poterat</strong></span> <span class='ocrx_word' id='word_1_177' title='bbox 1040 3334 1140 3432; x_wconf 83' lang='lat' dir='ltr'><strong>(uam</strong></span> <span class='ocrx_word' id='word_1_178' title='bbox 1157 3333 1357 3425; x_wconf 85' lang='lat' dir='ltr'><strong>srliussuus,</strong></span> <span class='ocrx_word' id='word_1_179' title='bbox 1374 3359 1434 3407; x_wconf 92' lang='lat' dir='ltr'><strong>co-</strong></span> <span class='ocrx_word' id='word_1_180' title='bbox 1477 3335 1480 3339; x_wconf 76' lang='grc'>’</span> 
     </span>
     <span class='ocr_line' id='line_1_26' title="bbox 373 3450 1434 3552; baseline 0.005 -30"><span class='ocrx_word' id='word_1_181' title='bbox 373 3476 450 3525; x_wconf 89' lang='lat' dir='ltr'><strong>mes</strong></span> <span class='ocrx_word' id='word_1_182' title='bbox 474 3451 520 3524; x_wconf 91' lang='lat' dir='ltr'><strong>de</strong></span> <span class='ocrx_word' id='word_1_183' title='bbox 543 3450 740 3542; x_wconf 68' lang='lat' dir='ltr'><strong>Clearolovs,</strong></span> <span class='ocrx_word' id='word_1_184' title='bbox 770 3475 915 3522; x_wconf 91' lang='lat' dir='ltr'><strong>omnem</strong></span> <span class='ocrx_word' id='word_1_185' title='bbox 941 3475 1042 3552; x_wconf 85' lang='lat' dir='ltr'><strong>paene</strong></span> <span class='ocrx_word' id='word_1_186' title='bbox 1065 3451 1290 3526; x_wconf 89' lang='lat' dir='ltr'><strong>nobilitatem</strong></span> <span class='ocrx_word' id='word_1_187' title='bbox 1313 3468 1349 3526; x_wconf 92' lang='lat' dir='ltr'><strong>et</strong></span> <span class='ocrx_word' id='word_1_188' title='bbox 1369 3454 1434 3526; x_wconf 89' lang='lat' dir='ltr'><strong>mi·</strong></span> 
     </span>
     <span class='ocr_line' id='line_1_27' title="bbox 372 3568 1433 3665; baseline 0.005 -26"><span class='ocrx_word' id='word_1_189' title='bbox 372 3568 483 3642; x_wconf 92' lang='lat' dir='ltr'><strong>litiam</strong></span> <span class='ocrx_word' id='word_1_190' title='bbox 508 3585 681 3641; x_wconf 88' lang='lat' dir='ltr'><strong>terrarum</strong></span> <span class='ocrx_word' id='word_1_191' title='bbox 708 3569 897 3665; x_wconf 75' lang='lat' dir='ltr'><strong>patrissui</strong></span> <span class='ocrx_word' id='word_1_192' title='bbox 919 3593 1040 3641; x_wconf 89' lang='lat' dir='ltr'><strong>secum</strong></span> <span class='ocrx_word' id='word_1_193' title='bbox 1060 3571 1097 3641; x_wconf 92' lang='lat' dir='ltr'><strong>in</strong></span> <span class='ocrx_word' id='word_1_194' title='bbox 1114 3571 1300 3644; x_wconf 91' lang='lat' dir='ltr'><strong>Franciam</strong></span> <span class='ocrx_word' id='word_1_195' title='bbox 1317 3584 1433 3644; x_wconf 87' lang='lat' dir='ltr'><strong>traxe·</strong></span> 
     </span>
     <span class='ocr_line' id='line_1_28' title="bbox 372 3683 1434 3785; baseline 0.004 -29"><span class='ocrx_word' id='word_1_196' title='bbox 372 3684 465 3782; x_wconf 84' lang='lat' dir='ltr'><strong>rat),</strong></span> <span class='ocrx_word' id='word_1_197' title='bbox 497 3709 644 3756; x_wconf 90' lang='lat' dir='ltr'><strong>manum</strong></span> <span class='ocrx_word' id='word_1_198' title='bbox 671 3683 827 3782; x_wconf 89' lang='lat' dir='ltr'><strong>aliquam</strong></span> <span class='ocrx_word' id='word_1_199' title='bbox 849 3685 997 3757; x_wconf 88' lang='lat' dir='ltr'><strong>adscivit</strong></span> <span class='ocrx_word' id='word_1_200' title='bbox 1016 3701 1123 3785; x_wconf 89' lang='lat' dir='ltr'><strong>atque</strong></span> <span class='ocrx_word' id='word_1_201' title='bbox 1146 3687 1364 3784; x_wconf 84' lang='lat' dir='ltr'><strong>aggregavit,</strong></span> <span class='ocrx_word' id='word_1_202' title='bbox 1393 3703 1434 3760; x_wconf 92' lang='lat' dir='ltr'><strong>ut</strong></span> 
     </span>
     <span class='ocr_line' id='line_1_29' title="bbox 371 3799 1434 3900; baseline 0.001 -26"><span class='ocrx_word' id='word_1_203' title='bbox 371 3800 474 3874; x_wconf 88' lang='lat' dir='ltr'><strong>dictis</strong></span> <span class='ocrx_word' id='word_1_204' title='bbox 502 3799 638 3872; x_wconf 91' lang='lat' dir='ltr'><strong>stolidis</strong></span> <span class='ocrx_word' id='word_1_205' title='bbox 673 3814 781 3898; x_wconf 90' lang='lat' dir='ltr'><strong>atque</strong></span> <span class='ocrx_word' id='word_1_206' title='bbox 812 3799 990 3900; x_wconf 84' lang='lat' dir='ltr'><strong>fidefragis</strong></span> <span class='ocrx_word' id='word_1_207' title='bbox 1022 3800 1279 3874; x_wconf 88' lang='lat' dir='ltr'><strong>Leodiensibus</strong></span> <span class='ocrx_word' id='word_1_208' title='bbox 1319 3802 1434 3876; x_wconf 86' lang='lat' dir='ltr'><strong>obsis-</strong></span> 
     </span>
     <span class='ocr_line' id='line_1_30' title="bbox 370 3917 1434 4013; baseline -0.002 -21"><span class='ocrx_word' id='word_1_209' title='bbox 370 3932 483 4011; x_wconf 88' lang='lat' dir='ltr'><strong>teret,</strong></span> <span class='ocrx_word' id='word_1_210' title='bbox 503 3940 700 4013; x_wconf 91' lang='lat' dir='ltr'><strong>eorumque</strong></span> <span class='ocrx_word' id='word_1_211' title='bbox 724 3917 858 3990; x_wconf 88' lang='lat' dir='ltr'><strong>sisteret</strong></span> <span class='ocrx_word' id='word_1_212' title='bbox 875 3917 1056 3990; x_wconf 90' lang='lat' dir='ltr'><strong>incendia.</strong></span> <span class='ocrx_word' id='word_1_213' title='bbox 1076 3921 1165 4005; x_wconf 85' lang='lat' dir='ltr'><strong>Quae</strong></span> <span class='ocrx_word' id='word_1_214' title='bbox 1184 3929 1332 4013; x_wconf 86' lang='lat' dir='ltr'><strong>manus,</strong></span> <span class='ocrx_word' id='word_1_215' title='bbox 1351 3919 1434 3992; x_wconf 91' lang='lat' dir='ltr'><strong>licet</strong></span> 
     </span>
     <span class='ocr_line' id='line_1_31' title="bbox 369 4033 1434 4133; baseline 0 -27"><span class='ocrx_word' id='word_1_216' title='bbox 369 4059 521 4107; x_wconf 90' lang='lat' dir='ltr'><strong>numero</strong></span> <span class='ocrx_word' id='word_1_217' title='bbox 553 4033 638 4105; x_wconf 90' lang='lat' dir='ltr'><strong>satis</strong></span> <span class='ocrx_word' id='word_1_218' title='bbox 676 4033 824 4129; x_wconf 82' lang='lat' dir='ltr'><strong>exigua,</strong></span> <span class='ocrx_word' id='word_1_219' title='bbox 853 4034 961 4106; x_wconf 91' lang='lat' dir='ltr'><strong>armis</strong></span> <span class='ocrx_word' id='word_1_220' title='bbox 995 4047 1114 4105; x_wconf 88' lang='lat' dir='ltr'><strong>tamen</strong></span> <span class='ocrx_word' id='word_1_221' title='bbox 1144 4033 1344 4133; x_wconf 89' lang='lat' dir='ltr'><strong>animisque</strong></span> <span class='ocrx_word' id='word_1_222' title='bbox 1375 4035 1434 4106; x_wconf 94' lang='lat' dir='ltr'><strong>in-</strong></span> 
     </span>
     <span class='ocr_line' id='line_1_32' title="bbox 367 4140 1432 4250; baseline -0.001 -27"><span class='ocrx_word' id='word_1_223' title='bbox 367 4165 520 4250; x_wconf 84' lang='lat' dir='ltr'><strong>structa,</strong></span> <span class='ocrx_word' id='word_1_224' title='bbox 548 4164 699 4222; x_wconf 88' lang='lat' dir='ltr'><strong>conatus</strong></span> <span class='ocrx_word' id='word_1_225' title='bbox 721 4149 883 4248; x_wconf 89' lang='lat' dir='ltr'><strong>ipsorum</strong></span> <span class='ocrx_word' id='word_1_226' title='bbox 911 4140 1162 4222; x_wconf 77' lang='lat' dir='ltr'><strong>teodiensium</strong></span> <span class='ocrx_word' id='word_1_227' title='bbox 1189 4165 1352 4250; x_wconf 88' lang='lat' dir='ltr'><strong>exparte</strong></span> <span class='ocrx_word' id='word_1_228' title='bbox 1376 4175 1432 4222; x_wconf 92' lang='lat' dir='ltr'><strong>re·</strong></span> 
     </span>
     <span class='ocr_line' id='line_1_33' title="bbox 367 4265 1430 4367; baseline 0 -29"><span class='ocrx_word' id='word_1_229' title='bbox 367 4267 522 4367; x_wconf 88' lang='lat' dir='ltr'><strong>pressit,</strong></span> <span class='ocrx_word' id='word_1_230' title='bbox 558 4267 596 4338; x_wconf 92' lang='lat' dir='ltr'><strong>iu</strong></span> <span class='ocrx_word' id='word_1_231' title='bbox 638 4265 782 4364; x_wconf 87' lang='lat' dir='ltr'><strong>suisque</strong></span> <span class='ocrx_word' id='word_1_232' title='bbox 816 4266 908 4362; x_wconf 87' lang='lat' dir='ltr'><strong>agris</strong></span> <span class='ocrx_word' id='word_1_233' title='bbox 946 4281 980 4340; x_wconf 90' lang='lat' dir='ltr'><strong>et</strong></span> <span class='ocrx_word' id='word_1_234' title='bbox 1013 4267 1106 4340; x_wconf 90' lang='lat' dir='ltr'><strong>villis</strong></span> <span class='ocrx_word' id='word_1_235' title='bbox 1140 4265 1307 4340; x_wconf 92' lang='lat' dir='ltr'><strong>incendia</strong></span> <span class='ocrx_word' id='word_1_236' title='bbox 1345 4267 1430 4340; x_wconf 92' lang='lat' dir='ltr'><strong>mis·</strong></span> 
     </span>
    </p>
   </div>
   <div class='ocr_carea' id='block_1_3' title="bbox 0 0 1696 5184">
    <p class='ocr_par' dir='ltr' id='par_1_4' title="bbox 0 0 1696 5184">
     <span class='ocr_line' id='line_1_34' title="bbox 0 0 1696 5184; baseline 0 5"><span class='ocrx_word' id='word_1_237' title='bbox 0 0 1696 5184; x_wconf 95' lang='lat' dir='ltr'><strong> </strong></span> 
     </span>
    </p>
   </div>
  </div>
 </body>
</html>
