3014 5010
598 450 708 508 unm
728 451 911 526 Quintus.
1098 404 1100 409 ⁵
1229 455 1287 513 aas

225 612 309 660 cum
325 600 408 686 post
425 584 567 657 obitum
582 584 775 680 Johannis,
794 587 897 659 ducis
913 585 1082 660 Calabriae
1098 602 1133 660 et
1158 588 1286 661 Lotba-

226 704 370 801 ringiae,
398 702 565 800 ejusdem
588 705 712 775 Renati
733 705 825 800 regis
847 701 952 794 fuir,
971 704 1106 777 videret
1133 729 1171 777 se
1194 730 1286 802 quo·

205 813 424 905 sdammodo
441 814 663 887 indefensam
687 828 795 911 atque
818 813 949 886 auxilio
968 814 1190 906 destitutam,
1218 842 1286 890 nec

226 929 272 1003 de
304 929 381 1026 ejus
404 929 612 1002 defensione
637 954 761 1002 curam
786 929 911 1001 haberi
937 929 1095 1004 debitam
1128 957 1194 1004 nec
1224 958 1289 1032 per

226 1048 653 1148 pradictum-Renatum,
677 1073 743 1122 nec
761 1073 826 1148 per
843 1052 1061 1120 Francorum
1084 1046 1203 1145 regem'
1227 1051 1289 1147 (de

226 1164 328 1261 cujus
342 1163 479 1236 confisa
501 1163 709 1237 defensione
727 1177 835 1260 atque
855 1163 1015 1254 auxiliiS,
1035 1164 1203 1237 eumdem
1222 1169 1289 1238 Re·

229 1294 353 1352 natum
372 1281 408 1352 in
431 1305 553 1378 regem
578 1279 647 1353 sibi
670 1280 845 1353 acciverat
869 1293 975 1378 atque
994 1283 1288 1379 assumpserat¹),

226 1396 356 1497 opibus
374 1398 481 1470 etiam
509 1412 545 1469 et
569 1396 707 1497 populo
725 1395 953 1483 exhaustam,
981 1411 1016 1468 et
1037 1398 1148 1469 solitis
1168 1424 1290 1473 carere

227 1511 475 1612 vectigalibus,
495 1511 663 1586 censibus
680 1526 716 1585 et
738 1512 982 1606 commerciis,
1002 1537 1044 1584 ex
1070 1512 1200 1609 quibus
1223 1539 1287 1587 an·

225 1631 356 1703 teriore
375 1644 539 1728 tempore
568 1631 605 1700 in
623 1629 796 1701 maximas
823 1627 1020 1712 divitiaset
1044 1627 1203 1702 honores
1227 1656 1287 1703 ex·

226 1763 398 1836 creverat,
433 1761 625 1845 postquam
650 1770 835 1818 armornm
860 1746 1027 1819 exercitio
1059 1761 1095 1820 et
1121 1747 1288 1845 adjacen-

226 1865 315 1936 tium
336 1877 511 1935 terrarum
534 1863 729 1936 vastatione
756 1863 818 1936 diu
842 1878 971 1937 venata
998 1879 1033 1937 et
1053 1865 1089 1936 in
1117 1867 1290 1940 maximas

225 1985 404 2082 angustias
419 1982 660 2058 calamitatum
677 1982 851 2074 deducta,
880 1983 973 2056 ultra
997 1983 1187 2057 subsistere
1215 2011 1289 2060 non

226 2116 387 2200 poterat,
406 2126 490 2173 cum
516 2099 646 2176 eodem
672 2126 738 2176 suo
762 2127 846 2199 rege
873 2101 1039 2174 iohanne
1064 2127 1102 2174 se
1123 2104 1290 2176 reconci-

225 2216 312 2291 liare
328 2218 487 2310 studuit,
514 2233 574 2309 et,
593 2217 661 2290 sub
684 2232 782 2289 certo
805 2232 996 2317 pactorum
1021 2218 1178 2313 findere,
1204 2246 1288 2292 cum

227 2334 302 2408 aliis
323 2337 429 2408 etiam
445 2334 547 2406 terris
561 2334 775 2424 Cataloniae,
792 2333 860 2406 sibi
879 2333 1141 2407 cohaerentibus
1166 2350 1201 2407 et
1227 2337 1244 2408 f
1275 2376 1289 2393 ·

227 2452 374 2543 deratis,
393 2450 460 2523 sub
478 2449 639 2550 ejusdem
663 2450 907 2524 obedientiam
932 2464 968 2524 et
984 2450 1160 2524 ditionem
1177 2476 1215 2524 se
1233 2478 1289 2525 re-

226 2569 339 2641 duxit.

273 2684 381 2773 Quod
406 2685 584 2756 intuentes
609 2681 771 2782 plerique
791 2680 967 2753 nobilium
990 2683 1181 2756 comitatus
1205 2688 1290 2758 Ros·

225 2801 360 2872 silionis
377 2814 411 2871 et
432 2800 564 2871 civium
591 2797 717 2896 oppidi
741 2797 968 2894 Perpiniani,
997 2821 1154 2894 quorum
1176 2801 1288 2873 animi

225 2917 377 2989 naturali
394 2915 550 3014 quadam
566 2912 678 2985 veluti
696 2911 926 2984 inclinatione
938 2912 984 2986 ad
997 2912 1165 2988 eumdem
1183 2942 1287 2992 snum

225 3056 345 3129 regem
371 3030 588 3119 ferebantur,
618 3042 654 3100 et
685 3027 816 3126 quibus
837 3028 999 3127 perutilis
1028 3045 1134 3127 atque
1162 3035 1287 3129 gratis-

225 3148 316 3220 sima
327 3161 362 3219 et
374 3145 534 3244 jocunda
550 3168 627 3216 esse
643 3157 852 3215 consuesset
867 3145 1091 3217 conversatio
1108 3146 1288 3221 familiaris

226 3279 302 3337 tum
330 3266 368 3336 in
396 3263 621 3352 mercandis,
650 3275 727 3331 tum
755 3261 791 3331 in
815 3261 905 3357 juris
933 3260 1067 3361 publici
1099 3276 1136 3334 et
1160 3266 1288 3362 privati

224 3383 482 3457 communione
503 3404 587 3452 cum
607 3379 803 3450 Barcinona
823 3393 859 3451 et
881 3378 957 3451 aliis
981 3380 1082 3451 terris
1099 3381 1189 3478 regis
1208 3387 1288 3457 Ara·

225 3523 362 3596 gonum
396 3513 432 3570 et
465 3497 624 3586 Siciliae⁸,
653 3509 731 3568 toto
760 3496 993 3593 invigilabant
1022 3496 1165 3590 studio,
1197 3527 1287 3598 quo-

264 3674 294 3733 1.
317 3673 423 3730 Morta
436 3667 594 3729 Barceloue
608 3666 718 3743 mcme,
732 3664 760 3725 lc
772 3667 810 3726 to
825 3664 977 3725 ddcembre
989 3670 1068 3726 tcto
1082 3669 1162 3728 selon
1175 3668 1286 3751 (inrita,

224 3781 264 3821 ou
275 3760 305 3820 le
318 3763 356 3818 at
367 3759 463 3836 juillet
476 3761 551 3818 tur
568 3756 684 3836 d’apres
698 3775 739 3815 un
752 3756 872 3835 registre
891 3755 930 3815 du
944 3754 1107 3817 Parlement
1120 3758 1175 3818 cita
1189 3779 1243 3837 par
1259 3761 1287 3819 le

223 3855 257 3912 P.
278 3848 425 3910 Anselmc.

263 3943 294 4002 Ξ.
316 3945 357 4000 Le
370 3940 414 4000 roi
428 3938 506 3999 avait
519 3937 633 4014 envoy&
644 3957 680 3997 au
693 3953 809 3996 secours
823 3932 862 3993 du
874 3932 930 3992 duc
941 3932 979 3993 de
988 3935 1109 3996 cuabre
1122 3956 1180 3996 une
1190 3940 1288 4000 armec

223 4034 274 4114 qni
287 4033 383 4094 revint
394 4052 445 4092 sur
459 4049 583 4108 scapos,
595 4029 680 4106 apres
694 4028 779 4086 s'etre
792 4024 918 4083 araneae
929 4023 1067 4102 jusqu’au
1080 4025 1202 4086 Pertuis.
1220 4029 1289 4088 Dia-

223 4126 310 4207 logue
325 4136 406 4184 entre
424 4123 566 4182 lohannes
580 4132 609 4177 et
622 4120 779 4178 ludovicus
795 4134 845 4175 sur
862 4115 891 4174 la
906 4135 1012 4196 guerre
1030 4114 1067 4174 de
1084 4115 1186 4180 Nauct'.

265 4219 293 4275 3.
316 4219 356 4273 Le
371 4212 414 4272 roi
427 4215 503 4272 Juan
517 4228 555 4268 ne
567 4206 713 4288 possiduit
725 4225 778 4286 pas
791 4205 821 4266 1ι
834 4206 929 4268 Sicilc.

383 4331 411 4370 rt
1090 4309 1129 4367 20
