3402 5186
641 539 921 596 emeramnus.
1274 547 1313 602 ιι
1358 521 1362 528 ’

302 670 373 742 Rex
385 690 472 740 vero
483 669 634 742 ianuam
647 667 715 742 sibi
724 667 893 742 rebellem
906 681 941 742 et
952 670 1099 744 minime
1111 686 1309 770 parentem,

252 797 359 882 atque
381 787 577 880 Sagonam,
605 810 715 884 quam
747 784 906 879 tenebat,
929 785 1002 884 juri
1026 787 1186 884 ejusdem
1211 788 1313 864 ducIs

180 971 185 980 ,
252 900 356 972 cessit
378 914 555 1000 perpetuo
583 899 767 974 habendas
802 925 844 974 ac
876 901 1130 1001 possidendas,
1160 905 1313 978 interve·

252 1015 432 1090 nientibus
447 1016 743 1115 promissionibus
758 1042 823 1116 per
843 1042 932 1116 quas
952 1019 1026 1114 regi
1050 1017 1147 1092 idem
1168 1020 1241 1092 dux
1266 1022 1313 1096 de

252 1148 350 1207 certo
376 1134 529 1208 militum
554 1159 725 1226 numero,
748 1135 955 1231 quandoid
978 1151 1206 1235 exposceret,
1234 1139 1314 1238 opi·
1409 1154 1413 1164 '

252 1252 357 1324 tulari
372 1267 407 1324 et
420 1253 553 1326 servire
565 1256 774 1326 teneretur¹.
793 1251 986 1326 Ferebatur
1002 1254 1096 1326 euim
1112 1267 1148 1326 et
1161 1254 1313 1330 voluisse

251 1367 462 1441 comitatum
489 1374 671 1442 Astensem
695 1369 857 1440 similiter
882 1367 1000 1440 eidem
1033 1368 1119 1440 duci
1145 1371 1309 1461 cessisse,

251 1483 318 1556 nisi
334 1484 370 1556 in
395 1485 616 1558 contrarium
638 1484 941 1558 AureIIanensium
957 1483 1048 1572 dux,
1069 1484 1115 1557 ad
1140 1511 1248 1584 quem
1269 1513 1311 1560 ex

252 1615 413 1672 materna
428 1602 674 1674 successione⁸
690 1600 902 1700 pertinebat,
921 1601 1113 1674 obstitisset
1130 1615 1236 1700 atque
1256 1627 1312 1675 re·

251 1713 446 1789 clamasset.
474 1721 552 1788 Hoc
576 1717 696 1815 itaque
720 1716 831 1790 modo
854 1718 985 1791 ducem
1009 1715 1223 1810 Mediolani,
1253 1717 1312 1790 cui

249 1834 358 1934 paulo
381 1849 463 1908 ante
484 1833 621 1907 bellum
645 1859 684 1906 se
699 1833 882 1908 illaturum
899 1859 957 1908 rex
975 1835 1050 1934 ipse
1066 1834 1193 1907 minari
1209 1849 1311 1934 puta·

249 1948 367 2044 batur,
390 1975 464 2023 non
493 1949 605 2023 modo
623 1949 751 2024 talibus
768 1951 874 2024 minis
890 1948 1095 2042 liberatum,
1117 1949 1234 2022 sedet
1253 1953 1312 2023 Ja·
1420 1963 1423 1971 '

251 2090 363 2139 uuam
378 2080 414 2138 et
429 2069 626 2164 Sagonam‚
647 2093 727 2167 quaa
742 2067 833 2140 ultra
849 2088 964 2139 annos
980 2067 1122 2164 triginta
1138 2091 1160 2139 a
1175 2064 1311 2140 ducum

250 2182 570 2257 Mediolanensium
588 2183 778 2258 dominatu
795 2183 1035 2274 desciverant,
1064 2208 1130 2256 suo
1159 2183 1311 2282 imperio

224 2313 390 2392 ,constat
415 2299 522 2373 fuisse
545 2301 734 2374 restitutas.
759 2304 849 2373 Nam
866 2304 980 2373 Janua
996 2298 1163 2395 quidem,
1192 2324 1271 2398 quae
1290 2323 1312 2372 a

250 2417 467 2489 Francorum
479 2417 656 2490 defecerat
672 2417 838 2515 imperio,
852 2415 993 2505 Caroio,
1010 2415 1120 2512 ipsius
1137 2415 1311 2487 Ludovici

248 2548 367 2631 patre,
395 2532 514 2606 adhuc
543 2533 684 2606 vivente
694 2532 717 2622 ⁸,
743 2546 826 2632 post
856 2531 931 2604 haec
960 2528 1093 2603 Ioedera
1125 2529 1241 2602 libens
1271 2533 1311 2604 in

247 2649 521 2725 Mediolanensis
536 2649 638 2722 ducis
657 2649 832 2723 concessit
848 2646 1038 2720 ditionem.

588 2983 844 3054 ctPtTtJttJM
870 2977 961 3053 XIII.

282 3183 401 3250 Qualiter
415 3201 462 3238 rex
472 3181 635 3237 Britanniam
647 3182 812 3236 Armoricam
823 3181 938 3237 visitavit
953 3194 980 3236 et
995 3199 1056 3234 cnm
1074 3179 1143 3234 duce
1156 3179 1274 3253 ejusdem

448 3264 611 3318 simultatum
623 3275 649 3318 et
659 3261 829 3317 dimonis
840 3280 948 3317 cauum
958 3259 1106 3316 adinvenit.

295 3445 450 3541 Contigit
474 3458 595 3516 autem
620 3456 659 3516 ut
681 3440 903 3534 Ludovicus,
918 3456 1113 3546 postquam
1140 3441 1238 3538 regni
1256 3441 1310 3514 sui

247 3561 431 3663 pacificam
448 3561 631 3636 habuisset
653 3561 938 3660 possessionem,
958 3583 1000 3632 ex
1017 3560 1169 3631 Turonis
1187 3565 1312 3632 Armo-

286 3773 316 3829 1.
338 3769 434 3830 L’acte
448 3768 485 3830 de
498 3780 572 3829 cette
584 3767 710 3843 cession,
730 3765 810 3849 signe
825 3765 971 3826 INovion
985 3765 1052 3846 pres
1065 3762 1265 3840 d'Abbeville,
1284 3764 1311 3824 Ic
1416 3749 1419 3756 ¹

245 3860 284 3916 22
294 3855 542 3932 decembretttta,
558 3869 655 3918 estun
664 3856 722 3917 bail
738 3853 1011 3916 Ifiefhereditaire.
1026 3853 1051 3913 11
1063 3853 1179 3933 specifie
1193 3851 1312 3912 l'inves-

244 3945 332 4006 titure
346 3945 459 4005 donnce
471 3945 499 4006 le
516 3949 609 4006 meme
620 3947 688 4021 iour
700 3966 738 4006 au
749 3943 886 4024 seigneur
897 3942 1032 4002 Alberico
1048 3942 1177 4015 Malleta,
1189 3939 1312 4020 delegas

245 4034 285 4094 du
298 4033 355 4096 duc
368 4034 405 4094 de
417 4035 507 4095 Milan
520 4049 548 4095 et
561 4035 597 4095 de
609 4035 859 4111 blanche-Maris,
874 4055 905 4094 sa
919 4034 1037 4096 semme.
1051 4037 1251 4092 ordonnances
1262 4037 1311 4092 des

245 4127 301 4182 meir
311 4128 347 4182 de
359 4127 479 4198 quce,
493 4137 514 4184 t.
530 4127 614 4198 XVI,
630 4144 659 4204 p.
677 4128 747 4184 tto.
1081 4131 1083 4136 ’

285 4218 315 4276 2.
337 4215 362 4274 ll
376 4214 459 4296 s’agit
471 4213 507 4273 de
522 4213 640 4274 charles
653 4214 804 4274 d’Orle'ans
812 4258 822 4288 ,
839 4213 883 4274 fils
897 4213 934 4273 dc
948 4211 1099 4274 valentine
1114 4210 1151 4271 de
1166 4211 1265 4271 Milan.

169 4373 174 4382 .
286 4307 316 4366 ³.
338 4312 384 4366 Au
397 4317 644 4364 commencerncnt
658 4303 694 4363 de
707 4305 821 4364 l'annee
837 4307 926 4366 1161.
