3402 5186
369 492 407 551 62
637 487 893 548 fflsromsutut
913 487 1091 547 LUDOVICI
1109 490 1152 548 XI

366 624 471 694 etiam
495 620 724 720 ipsius'urbis
744 618 953 704 latentibus,
980 621 1067 716 quin
1092 621 1257 694 eamdem
1280 623 1339 695 vel
1361 647 1422 695 ex·

366 751 595 838 pugnassent,
613 737 672 808 vel
685 734 732 808 ad
745 735 966 807 deditionem
981 735 1179 828 faciendam
1197 737 1289 810 inira
1304 737 1423 812 brevis

367 854 535 952 temporis
553 877 672 924 moras
687 851 989 924 constrinxissent.
1015 851 1085 922 Sed
1102 877 1186 923 cum
1203 854 1254 924 eis
1271 868 1423 952 utraque

366 972 546 1060 deessent,
568 995 634 1041 nec
653 969 786 1042 valeret
806 993 868 1039 rex
891 968 1022 1066 ipsein
1044 970 1191 1069 propria
1211 985 1322 1060 terra,
1344 997 1433 1069 quae-

366 1086 449 1158 satis
464 1085 509 1156 de
527 1109 564 1156 se
582 1083 680 1156 arida
696 1097 761 1174 est,
780 1097 815 1154 et
827 1082 903 1177 jam
918 1106 941 1155 a
957 1083 1061 1156 variis
1077 1099 1296 1156 armatorum
1313 1087 1423 1182 agmi-

366 1200 472 1273 nibus
490 1224 593 1272 exesa
611 1213 646 1271 et
662 1213 794 1271 vastata
811 1212 901 1291 erat,
922 1199 1089 1269 exercitui
1104 1224 1287 1273 annonam
1301 1225 1422 1272 neces·

367 1319 497 1390 sariam
514 1316 725 1402 ministrare,
745 1307 860 1386 eoacti
875 1327 959 1385 sunt
976 1313 1205 1387 obsidionem
1222 1317 1372 1409 solvere,
1389 1331 1424 1389 et

367 1431 494 1504 adalia
508 1433 605 1519 loca,
623 1454 701 1527 quae
717 1453 792 1501 non
808 1427 900 1502 adeo
916 1453 1020 1502 exesa
1037 1445 1178 1521 essent,
1191 1455 1229 1504 se
1244 1431 1420 1506 conferre.

687 1745 942 1816 CAPITULUM
967 1745 1089 1814 XVlll.

367 1949 511 2018 Quomodo
528 1950 623 2002 Franci
639 1960 828 2018 recuperarunt
843 1947 1039 2017 Terragonam;
1055 1945 1244 2019 postmodum,
1265 1947 1299 2003 sd
1315 1950 1424 2023 propris

402 2028 513 2096 reversi,
526 2026 561 2081 ad
574 2025 741 2080 liberandum
755 2043 842 2078 arcem
859 2025 1012 2096 Perpiniani
1028 2027 1159 2080 obsessam
1176 2026 1328 2094 redierunt;
1343 2047 1425 2100 eaque

402 2109 511 2160 liberata
523 2120 548 2160 et
558 2106 660 2178 oppido
673 2118 779 2176 recepto
791 2123 852 2157 oum
863 2117 919 2157 toto
932 2106 1058 2159 comitutu
1067 2107 1222 2160 Rossilionis
1237 2121 1263 2161 et
1273 2108 1424 2176 Centenio,

403 2187 566 2240 Francorum
578 2205 624 2240 rex
641 2186 711 2256 ipsos
728 2183 888 2249 comitatus,
906 2197 1031 2255 tanquam
1052 2184 1102 2239 sibi
1121 2187 1279 2258 acquisitos,
1299 2189 1383 2242 tenuit
1401 2199 1425 2240 et

403 2265 527 2338 possedit.

417 2449 599 2519 Venerunt
612 2446 717 2543 igitur
730 2445 776 2517 ad
788 2446 966 2516 civitatem
978 2449 1299 2542 Terragonensem3
1316 2473 1424 2546 quam

369 2565 490 2661 paucis
502 2563 706 2635 obsidentes
718 2559 860 2654 diebus,
875 2562 1005 2660 partim
1016 2562 1065 2652 vi,
1082 2563 1213 2660 partim
1224 2579 1260 2635 et
1273 2564 1422 2658 ditione,

369 2679 435 2752 sub
448 2682 539 2778 regis
553 2679 607 2753 sui
624 2684 827 2776 Aragonum
841 2691 1053 2776 potestatem
1069 2678 1296 2776 redegerunt.
1313 2682 1426 2780 Cepe-

369 2812 452 2867 runt
471 2811 589 2868 autem
606 2810 642 2868 et
658 2807 905 2894 expugnarunt
923 2818 1037 2891 prope
1056 2795 1291 2866 Barcinonam
1307 2819 1426 2869 arcem

369 2909 605 2982 firmissimam
636 2907 837 2994 Moncadae,
867 2907 904 2977 in
934 2908 1066 2978 vertice
1095 2906 1256 2979 altissimi
1289 2909 1426 3009 scopuli

369 3027 483 3098 sitam.
505 3023 614 3096 Multa
630 3024 735 3094 etiam
754 3021 887 3120 oppida
904 3035 940 3093 et
955 3021 1114 3116 castella,
1140 3046 1426 3122 quaquaversum

370 3141 542 3215 exercitus
553 3138 737 3226 circuibat,
753 3139 882 3236 partim
898 3140 1017 3229 armis,
1031 3141 1160 3238 partim
1175 3166 1308 3241 pavore
1319 3157 1426 3241 atque

370 3274 484 3350 metu,
504 3255 665 3353 ejusdem
680 3253 772 3351 regis
789 3253 916 3325 ditioni
935 3255 1175 3327 restituerunt.
1195 3257 1289 3329 Fessi
1306 3273 1426 3332 autem

370 3387 405 3444 et
429 3371 608 3468 defatigati
636 3367 780 3456 militm,
805 3368 981 3467 praecipue
1003 3367 1102 3467 quod
1128 3371 1260 3442 multos
1285 3372 1331 3443 de
1353 3373 1427 3444 suis

370 3489 470 3585 equis
488 3486 609 3586 pabuli
628 3483 825 3556 deiectione
842 3484 1075 3582 colorumque
1091 3500 1126 3556 et
1144 3485 1234 3557 aeris
1251 3487 1426 3587 intempc-
1528 3585 1533 3592 Ι

370 3607 419 3677 rie
447 3603 703 3703 perdidissent,
729 3626 792 3699 per
814 3614 924 3672 terras
947 3601 1132 3697 aragoniae
1155 3600 1201 3672 ad
1225 3616 1335 3675 terras
1363 3628 1424 3676 co·

371 3721 465 3792 mitis
476 3719 520 3792 de
530 3723 656 3808 Fuxo',
670 3717 731 3815 qui
743 3740 836 3786 unus
848 3716 1045 3814 praecipuus
1058 3742 1100 3788 ex
1111 3716 1262 3788 ducibus
1274 3718 1425 3790 militum

371 3853 446 3910 erat
465 3842 700 3926 Francorum,
722 3833 816 3904 circa
837 3831 947 3904 finem
964 3833 1108 3925 astatis,
1127 3846 1163 3904 et
1180 3833 1265 3905 inde
1281 3834 1318 3906 in
1336 3833 1425 3907 ulte·

412 4060 441 4114 l.
464 4061 551 4122 Jean‚
572 4066 665 4112 comte
682 4051 718 4110 de
734 4049 826 4124 Foix,
847 4047 1005 4107 lieutenant
1021 4048 1135 4128 gdneral
1155 4048 1195 4109 du
1210 4051 1255 4110 roi
1272 4051 1289 4108 a
1308 4049 1426 4108 l’annee

372 4145 581 4226 dsCatalogne.
601 4149 659 4204 Son
672 4141 765 4200 comte
780 4138 816 4200 de
832 4140 904 4201 Foix
918 4139 1071 4219 repondait
1083 4144 1099 4200 t
1113 4159 1170 4218 peu
1183 4143 1250 4222 pres
1264 4161 1301 4201 su
1317 4141 1426 4222 depar-

373 4245 482 4295 tement
494 4231 587 4296 semel
600 4231 637 4292 do
650 4229 786 4309 l’Ariege.
1518 4226 1522 4235 '
