3272 5182
410 525 468 584 txs
656 502 934 582 ”ursromxnmx
953 519 1129 580 xnnovxcr
1149 523 1192 578 xx

410 683 518 756 super
536 659 684 732 flumine
696 656 883 753 quodam¹,
900 656 937 726 in
954 655 1121 742 Pictavia,
1140 670 1288 753 propter
1301 654 1371 727 boc
1385 677 1477 725 con·

412 774 549 845 structi.
580 774 657 845 Dici
687 786 806 846 autem
833 770 934 842 tacite
962 792 1035 840 non
1067 783 1188 868 posset
1215 781 1372 866 quantus
1399 767 1476 838 illic

412 914 555 980 rumor,
583 890 629 962 de
656 913 784 988 guerra
808 885 989 958 inserenda
1014 882 1170 957 ducibus
1199 881 1412 980 Burgundiae
1440 898 1478 955 et

413 1006 618 1096 Britannice,
642 1018 720 1076 toto
737 1028 848 1098 regno
869 1002 1063 1100 pertonuit.
1087 1002 1259 1074 Omnium
1282 1024 1383 1097 paene
1401 1023 1478 1071 vox

412 1146 482 1193 una
500 1122 595 1214 erat,
608 1145 679 1192 una
695 1117 882 1208 sententia,
900 1116 1024 1190 eadem
1042 1117 1268 1210 existimatio,
1286 1116 1384 1187 illico
1398 1113 1478 1186 bel-

411 1238 488 1309 lum
518 1263 582 1336 per
609 1260 749 1334 regem,
779 1235 955 1331 adjunctis
981 1234 1097 1306 fratria
1122 1233 1178 1304 sui
1205 1231 1337 1304 viribus
1363 1245 1477 1328 atque

412 1354 566 1444 auxiiiis,
593 1351 772 1425 ambobus
794 1350 1038 1436 inferendum,
1064 1351 1191 1422 ambos
1213 1349 1478 1448 opprimendos

410 1483 517 1567 atque
547 1468 854 1560 exterminandos,
887 1466 1070 1540 nonnullis
1100 1467 1321 1556 dicentibus,
1352 1491 1477 1561 regem

412 1585 519 1682 hujus
537 1585 621 1658 belli
640 1609 819 1657 summam
839 1607 1010 1679 germano
1026 1608 1093 1655 suo
1113 1607 1266 1680 suasque
1290 1584 1412 1680 copias
1439 1597 1478 1654 et

412 1703 608 1775 exercitum
625 1701 756 1774 debere
771 1701 1013 1791 committere,
1031 1699 1220 1796 solumque
1236 1697 1282 1769 ad
1298 1697 1370 1770 hoc
1386 1722 1477 1769 eum

412 1818 590 1911 sufficere3
604 1819 679 1892 aliis
693 1815 908 1915 jactantibus
924 1814 1093 1887 eumdem
1107 1816 1281 1888 vicarium
1297 1839 1402 1886 suum
1414 1839 1479 1911 ge·

361 1949 367 1958 “
414 1935 574 2007 noralem
595 1935 632 2005 in
657 1933 757 2030 'regni
777 1931 1086 2004 administratione
1107 1931 1227 2003 secisse
1252 1929 1478 2004 facturumve

413 2074 502 2122 esse.
524 2053 580 2139 Et,
599 2063 639 2120 ut
656 2052 694 2120 in
711 2046 841 2124 talibus
857 2046 934 2118 sieri
949 2047 1091 2140 assolet,
1111 2045 1341 2119 scindebatur
1356 2049 1477 2122 incer-

413 2181 490 2238 tum
514 2165 631 2238 studia
653 2168 690 2236 in
714 2165 895 2237 contraria
914 2162 1057 2260 vulgus3
1083 2165 1164 2256 sed,
1189 2165 1315 2264 procul
1340 2164 1474 2256 dubi0,

413 2282 487 2377 regi
500 2279 607 2376 longe
621 2279 690 2353 alia
702 2305 804 2352 mens
817 2293 905 2370 erat,
924 2303 1034 2376 quam
1049 2295 1090 2351 ut
1103 2281 1278 2352 exercitus
1293 2295 1329 2351 et
1342 2281 1477 2352 militiae

413 2422 485 2469 suae
501 2395 675 2468 ducatum
693 2421 863 2494 germano
881 2422 962 2489 suo,
982 2398 1211 2494 quantumvis
1228 2399 1474 2490 reconciliem,

414 2513 668 2600 committeret;
685 2511 747 2583 sed
759 2513 846 2608 quin
859 2509 903 2584 de
915 2512 1154 2610 opprimendo
1167 2526 1203 2584 et
1216 2513 1477 2611 exstinguendo

293 2661 299 2684 ι
414 2625 601 2725 praedictos
618 2625 744 2718 duces,
764 2626 793 2697 si
812 2625 845 2698 ei
863 2628 1127 2725 permitteretur
1143 2627 1303 2718 facultas,
1320 2642 1355 2699 et
1371 2643 1478 2702 antea

413 2756 448 2814 et
467 2757 545 2814 tum
563 2743 717 2814 maxime
732 2744 918 2841 cogitaret,
939 2743 1075 2814 nemini
1092 2744 1129 2813 in
1148 2758 1305 2816 mentem
1320 2744 1477 2820 dubium

413 2859 535 2931 venire
553 2856 673 2930 debet.
696 2857 790 2930 Nihil
810 2859 944 2957 quippe
960 2873 1035 2930 erat
1050 2859 1087 2930 in
1106 2884 1180 2956 quo
1197 2859 1349 2958 amplius
1368 2885 1476 2932 suum

413 2975 630 3047 desiderium
655 2989 868 3068 versaretur,
892 2974 980 3046 nihil
1001 2974 1100 3071 quod
1125 2989 1309 3074 exoptaret
1329 2975 1476 3048 serven-

414 3095 498 3165 tius.
517 3092 585 3165 Sed
603 3093 688 3190 quia
700 3093 794 3164 vires
811 3093 911 3187 regni
926 3092 1056 3188 xngtiae
1069 3092 1136 3164 sibi
1150 3107 1321 3191 suspectae
1334 3118 1477 3193 semper

414 3223 517 3282 erant
530 3224 565 3281 et
580 3207 788 3300 formidatae,
804 3233 888 3279 cum
899 3233 973 3306 quo
989 3209 1098 3282 duces
1110 3209 1273 3308 praesatos
1286 3210 1476 3284 foederatos

413 3317 577 3412 videbat,
600 3338 673 3395 tam
690 3321 845 3393 arduum
862 3349 954 3422 opus
968 3325 1102 3399 adoriri
1118 3325 1308 3398 verebatur
1324 3326 1475 3400 distulit-

413 3464 497 3536 que.
530 3429 657 3511 Hieme
685 3437 840 3539 [autem]
870 3442 1034 3538 proxima
1064 3456 1228 3541 peracta,
1259 3457 1379 3541 optata
1407 3441 1475 3515 sibi

411 3570 540 3652 atque,
570 3577 633 3627 sua
663 3555 942 3647 existimatione,
973 3557 1075 3630 valde
1100 3574 1307 3658 opportuna
1333 3562 1473 3634 occasio

412 3671 660 3768 hujuscemodi
677 3697 753 3744 rem
769 3673 1000 3770 aggrediendi
1016 3673 1120 3746 allata
1136 3690 1200 3747 est.
1216 3767 1220 3778 .

462 3793 504 3860 Et
530 3789 614 3888 quia
641 3788 840 3887 jamdicto
867 3791 960 3862 inter
985 3785 1225 3884 Ludovicum,
1254 3798 1472 3865 Francorum

410 3931 549 4004 regem,
574 3921 610 3978 et
632 3905 818 3997 Carnium,
844 3932 1055 4003 germanum
1075 3933 1198 3998 suurn,
1220 3934 1390 4008 percusso
1409 3910 1473 3982 soe-

448 4097 478 4155 t.
502 4096 558 4152 Sur
574 4114 614 4153 un
628 4109 699 4174 pont
713 4094 749 4154 de
764 4096 889 4156 bateanx
898 4095 958 4170 jere
973 4115 1009 4154 en
1023 4107 1134 4156 travers
1148 4095 1185 4156 de
1199 4097 1227 4156 la
1241 4099 1346 4168 Serre,
1362 4117 1401 4156 au
1414 4097 1471 4156 lieu

407 4181 774 4344 iiislfieffssri'dfflmd'
799 4185 866 4264 pres
892 4183 929 4242 de
952 4187 1065 4242 Marans
1090 4185 1290 4260 (aujourd’hui
1313 4185 1469 4244 Charente-
