3282 5168
358 541 416 598 ets
629 539 1145 620 memmiuuutuoovrcrxr

359 671 530 760 termediu
547 671 581 752 vi
600 671 656 744 vel
679 683 777 744 metu
793 671 829 742 in
850 669 1073 744 deditionem
1087 675 1299 773 recepisset,
1318 695 1354 752 et
1370 705 1392 754 a

358 801 553 862 extremam
585 787 830 881 necessitatem
862 787 992 860 ducem
1013 789 1225 885 Burgundiae
1248 792 1418 870 deduxis-

359 919 423 978 set.
446 903 652 978 Abstulisset
667 904 765 981 enim
782 901 850 976 sibi
871 917 906 975 et
924 917 1147 977 commeatus
1160 919 1196 978 et
1212 907 1334 1006 pabuli
1357 935 1420 984 eo-

358 1021 458 1122 pias,
480 1033 515 1092 et
542 1020 579 1093 in
601 1018 666 1092 has
689 1043 773 1092 eum
792 1018 999 1092 detrusisset
1022 1019 1225 1116 angustias,
1250 1023 1421 1121 quod,si

360 1152 544 1238 premente
575 1160 660 1209 eum
691 1149 798 1234 atque
831 1148 1046 1234 perurgente
1075 1135 1178 1211 samis
1211 1141 1422 1216 necessitate

242 1307 244 1314 .
359 1267 473 1326 castra
487 1253 670 1343 movisset,
685 1250 742 1324 vel
753 1251 801 1326 ad
817 1265 932 1326 castra
945 1251 1240 1344 Alemannorum,
1253 1255 1311 1328 vel
1327 1259 1422 1354 regis

360 1371 579 1454 Francorum
598 1364 836 1466 expugnanda
848 1389 1113 1472 progressurus,
1129 1389 1303 1466 sempera
1319 1383 1420 1470 tergo

236 1493 237 1496 ’
360 1480 572 1570 alterutras,
597 1480 653 1553 vel
674 1483 957 1572 Germanorum,
982 1480 1040 1553 rel
1059 1485 1278 1556 Francorum
1299 1487 1422 1585 copias

361 1593 558 1690 evestigio
591 1593 828 1694 insequentes¹
853 1591 1052 1684 habuisset,
1090 1617 1244 1693 quarum
1275 1596 1423 1694 singule

241 1791 243 1808 Ι
361 1708 516 1782 exercitu
539 1710 641 1784 ducis
666 1709 930 1785 numerosiores
949 1709 1057 1808 longe
1080 1725 1198 1805 erant,
1218 1711 1317 1785 etad
1333 1739 1423 1788 oon·
1533 1788 1538 1795 ,
1602 1739 1603 1750 ’

362 1827 598 1926 grediendum
621 1841 730 1927 atque
751 1825 997 1900 dimicandum
1013 1850 1099 1898 cum
1118 1839 1191 1900 tam
1213 1851 1325 1928 parvo
1354 1855 1423 1902 nu·

362 1969 463 2018 mero
480 1944 670 2018 validiores
686 1958 722 2017 et
741 1941 963 2016 robustiores
978 1940 1025 2016 ab
1041 1941 1213 2016 omnibus
1228 1943 1341 2018 ferme
1357 1971 1423 2045 pu·

364 2059 543 2136 rebantur.

413 2177 541 2272 Atqui,
570 2175 664 2248 inter
694 2187 809 2248 tantas
841 2199 944 2250 curas
974 2188 1082 2272 atque
1119 2177 1319 2273 augustias,
1353 2179 1423 2252 dux

363 2298 439 2393 ipse
457 2289 778 2390 Burgundionum,
801 2291 900 2364 velut
915 2290 1133 2391 impavidus,
1153 2291 1191 2364 in
1212 2293 1337 2366 castris
1353 2295 1425 2368 suis

363 2410 540 2482 immotis¹
566 2407 756 2499 manebat,
788 2407 984 2481 adhortans
1015 2431 1099 2481 suos
1116 2407 1163 2482 ad
1185 2413 1424 2487 constantiam

364 2523 608 2625 pollicensque
624 2523 746 2623 quod,
766 2525 796 2598 si
820 2524 1016 2623 imperator
1031 2548 1115 2595 cum
1141 2525 1213 2598 suis
1236 2528 1425 2600 Germanis

363 2641 441 2740 (qui
456 2641 577 2716 medio
600 2642 726 2714 itinere
751 2640 844 2712 inter
865 2637 1054 2740 Coloniam
1071 2654 1107 2712 et
1122 2641 1285 2714 Nussiam
1310 2658 1425 2718 castre

365 2773 518 2833 metatus
533 2771 626 2852 erat,
645 2759 681 2828 in
696 2757 827 2855 quibus
837 2761 906 2855 'per
924 2756 1043 2856 piures
1064 2759 1225 2832 constitit
1241 2757 1330 2856 dies)
1344 2785 1424 2834 mo·

366 2897 452 2948 vens
472 2875 557 2948 inde
579 2874 727 2974 propius
753 2886 869 2946 castra
892 2897 956 2946 sua
978 2875 1303 2974 appropinquaret,
1325 2877 1425 2975 quod

366 3017 440 3069 non
462 3007 681 3092 exspectaret
699 2991 800 3091 quod
818 3015 882 3065 sua
902 3006 1017 3065 eastra
1028 2993 1130 3089 juxta
1146 3015 1210 3066 sua
1222 2993 1425 3068 communi·

366 3114 458 3204 ret¹,
483 3109 547 3182 sed
580 3109 679 3208 prior
706 3109 824 3207 ipsum
851 3108 999 3182 viriliter
1016 3107 1289 3207 aggrederetur,
1317 3135 1426 3209 quam

366 3225 434 3300 sibi
447 3229 542 3300 Deus
555 3223 657 3298 daret
674 3223 854 3297 fortunam
870 3234 1093 3324 experturus.

408 3447 436 3501 i.
461 3444 556 3502 Plutot
568 3446 707 3517 immotus,
724 3461 836 3502 romrue
850 3443 1005 3519 eidessus,
1021 3466 1050 3524 p.
1069 3448 1137 3506 339.

407 3534 435 3589 2.
458 3535 483 3589 tt
496 3531 626 3609 yadans
642 3531 669 3589 ie
683 3549 736 3595 ms.
750 3534 844 3592 roiter.
