<?xml version="1.0" encoding="UTF-8"?>
<!DOCTYPE html PUBLIC "-//W3C//DTD XHTML 1.0 Transitional//EN"
    "http://www.w3.org/TR/xhtml1/DTD/xhtml1-transitional.dtd">
<html xmlns="http://www.w3.org/1999/xhtml" xml:lang="en" lang="en">
 <head>
  <title>
</title>
<meta http-equiv="Content-Type" content="text/html;charset=utf-8" />
  <meta name='ocr-system' content='tesseract 3.04.00' />
  <meta name='ocr-capabilities' content='ocr_page ocr_carea ocr_par ocr_line ocrx_word'/>
</head>
<body>
  <div class='ocr_page' id='page_1' title='image "./histoiredesrgne02amelgoog_0440.png"; bbox 0 0 3282 5168; ppageno 0'>
   <div class='ocr_carea' id='block_1_1' title="bbox 589 561 1275 638">
    <p class='ocr_par' dir='ltr' id='par_1_1' title="bbox 589 561 1275 638">
     <span class='ocr_line' id='line_1_1' title="bbox 589 561 1275 638; baseline -0.004 -16"><span class='ocrx_word' id='word_1_1' title='bbox 589 563 700 622; x_wconf 78' lang='lat' dir='ltr'><strong>nrum</strong></span> <span class='ocrx_word' id='word_1_2' title='bbox 716 561 899 638; x_wconf 77' lang='lat' dir='ltr'><strong>unsaros.</strong></span> <span class='ocrx_word' id='word_1_3' title='bbox 1182 589 1183 595; x_wconf 21' lang='grc' dir='ltr'><strong><em>κ</em></strong></span> <span class='ocrx_word' id='word_1_4' title='bbox 1216 563 1275 622; x_wconf 73' lang='lat' dir='ltr'><strong>aar</strong></span> 
     </span>
    </p>
   </div>
   <div class='ocr_carea' id='block_1_2' title="bbox 216 691 1278 1373">
    <p class='ocr_par' dir='ltr' id='par_1_2' title="bbox 216 691 1278 1373">
     <span class='ocr_line' id='line_1_2' title="bbox 216 691 1276 793; baseline -0.004 -25"><span class='ocrx_word' id='word_1_5' title='bbox 216 699 294 768; x_wconf 87' lang='lat' dir='ltr'><strong>Deo</strong></span> <span class='ocrx_word' id='word_1_6' title='bbox 316 695 458 768; x_wconf 80' lang='lat' dir='ltr'><strong>homini</strong></span> <span class='ocrx_word' id='word_1_7' title='bbox 481 695 652 768; x_wconf 87' lang='lat' dir='ltr'><strong>collatum</strong></span> <span class='ocrx_word' id='word_1_8' title='bbox 679 709 744 785; x_wconf 89' lang='lat' dir='ltr'><strong>est,</strong></span> <span class='ocrx_word' id='word_1_9' title='bbox 764 691 902 768; x_wconf 87' lang='lat' dir='ltr'><strong>efficere</strong></span> <span class='ocrx_word' id='word_1_10' title='bbox 925 693 1046 793; x_wconf 89' lang='lat' dir='ltr'><strong>potuit</strong></span> <span class='ocrx_word' id='word_1_11' title='bbox 1071 707 1132 784; x_wconf 90' lang='lat' dir='ltr'><strong>ut,</strong></span> <span class='ocrx_word' id='word_1_12' title='bbox 1151 691 1276 765; x_wconf 83' lang='lat' dir='ltr'><strong>divino</strong></span> 
     </span>
     <span class='ocr_line' id='line_1_3' title="bbox 216 809 1277 910; baseline -0.002 -26"><span class='ocrx_word' id='word_1_13' title='bbox 216 813 346 885; x_wconf 88' lang='lat' dir='ltr'><strong>timore</strong></span> <span class='ocrx_word' id='word_1_14' title='bbox 376 811 528 910; x_wconf 85' lang='lat' dir='ltr'><strong>abjecto,</strong></span> <span class='ocrx_word' id='word_1_15' title='bbox 558 811 729 884; x_wconf 85' lang='lat' dir='ltr'><strong>naturalis</strong></span> <span class='ocrx_word' id='word_1_16' title='bbox 762 809 903 884; x_wconf 85' lang='lat' dir='ltr'><strong>foederis</strong></span> <span class='ocrx_word' id='word_1_17' title='bbox 936 825 1044 907; x_wconf 89' lang='lat' dir='ltr'><strong>atque</strong></span> <span class='ocrx_word' id='word_1_18' title='bbox 1073 809 1277 882; x_wconf 73' lang='lat' dir='ltr'><strong>arctissimae</strong></span> 
     </span>
     <span class='ocr_line' id='line_1_4' title="bbox 217 925 1273 1019; baseline -0.002 -19"><span class='ocrx_word' id='word_1_19' title='bbox 217 928 501 1017; x_wconf 81' lang='lat' dir='ltr'><strong>necessitudinis,</strong></span> <span class='ocrx_word' id='word_1_20' title='bbox 518 942 555 1001; x_wconf 89' lang='lat' dir='ltr'><strong>et</strong></span> <span class='ocrx_word' id='word_1_21' title='bbox 575 927 684 1000; x_wconf 91' lang='lat' dir='ltr'><strong>totius</strong></span> <span class='ocrx_word' id='word_1_22' title='bbox 701 926 801 999; x_wconf 76' lang='lat' dir='ltr'><strong>lamae</strong></span> <span class='ocrx_word' id='word_1_23' title='bbox 815 940 852 998; x_wconf 92' lang='lat' dir='ltr'><strong>et</strong></span> <span class='ocrx_word' id='word_1_24' title='bbox 865 925 1016 999; x_wconf 90' lang='lat' dir='ltr'><strong>honoris</strong></span> <span class='ocrx_word' id='word_1_25' title='bbox 1033 927 1087 1000; x_wconf 90' lang='lat' dir='ltr'><strong>sui</strong></span> <span class='ocrx_word' id='word_1_26' title='bbox 1107 925 1273 1019; x_wconf 90' lang='lat' dir='ltr'><strong>oblitum,</strong></span> 
     </span>
     <span class='ocr_line' id='line_1_5' title="bbox 216 1037 1277 1119; baseline -0.004 0"><span class='ocrx_word' id='word_1_27' title='bbox 216 1048 254 1119; x_wconf 91' lang='lat' dir='ltr'><strong>in</strong></span> <span class='ocrx_word' id='word_1_28' title='bbox 271 1059 345 1118; x_wconf 86' lang='lat' dir='ltr'><strong>tam</strong></span> <span class='ocrx_word' id='word_1_29' title='bbox 355 1037 569 1118; x_wconf 78' lang='lat' dir='ltr'><strong>exsecrabile</strong></span> <span class='ocrx_word' id='word_1_30' title='bbox 584 1058 619 1116; x_wconf 89' lang='lat' dir='ltr'><strong>et</strong></span> <span class='ocrx_word' id='word_1_31' title='bbox 633 1042 855 1116; x_wconf 89' lang='lat' dir='ltr'><strong>horrendum</strong></span> <span class='ocrx_word' id='word_1_32' title='bbox 873 1041 1187 1115; x_wconf 89' lang='lat' dir='ltr'><strong>scelushominem</strong></span> <span class='ocrx_word' id='word_1_33' title='bbox 1203 1042 1277 1115; x_wconf 88' lang='lat' dir='ltr'><strong>labi</strong></span> 
     </span>
     <span class='ocr_line' id='line_1_6' title="bbox 217 1156 1277 1256; baseline 0 -24"><span class='ocrx_word' id='word_1_34' title='bbox 217 1157 321 1232; x_wconf 84' lang='lat' dir='ltr'><strong>iaciat</strong></span> <span class='ocrx_word' id='word_1_35' title='bbox 347 1174 386 1232; x_wconf 83' lang='lat' dir='ltr'><strong>et.</strong></span> <span class='ocrx_word' id='word_1_36' title='bbox 410 1183 526 1232; x_wconf 90' lang='lat' dir='ltr'><strong>ruere.</strong></span> <span class='ocrx_word' id='word_1_37' title='bbox 555 1159 644 1246; x_wconf 88' lang='lat' dir='ltr'><strong>Quis</strong></span> <span class='ocrx_word' id='word_1_38' title='bbox 667 1159 763 1230; x_wconf 91' lang='lat' dir='ltr'><strong>enim</strong></span> <span class='ocrx_word' id='word_1_39' title='bbox 788 1157 937 1231; x_wconf 82' lang='lat' dir='ltr'><strong>amicior</strong></span> <span class='ocrx_word' id='word_1_40' title='bbox 966 1171 1043 1230; x_wconf 86' lang='lat' dir='ltr'><strong>es&#39;se</strong></span> <span class='ocrx_word' id='word_1_41' title='bbox 1071 1156 1186 1256; x_wconf 79' lang='lat' dir='ltr'><strong>possit</strong></span> <span class='ocrx_word' id='word_1_42' title='bbox 1215 1174 1277 1232; x_wconf 87' lang='lat' dir='ltr'><strong>aut</strong></span> 
     </span>
     <span class='ocr_line' id='line_1_7' title="bbox 217 1273 1278 1373; baseline 0 -25"><span class='ocrx_word' id='word_1_43' title='bbox 217 1274 346 1348; x_wconf 90' lang='lat' dir='ltr'><strong>debeat</strong></span> <span class='ocrx_word' id='word_1_44' title='bbox 367 1300 476 1373; x_wconf 87' lang='lat' dir='ltr'><strong>quam</strong></span> <span class='ocrx_word' id='word_1_45' title='bbox 499 1275 607 1348; x_wconf 88' lang='lat' dir='ltr'><strong>frater</strong></span> <span class='ocrx_word' id='word_1_46' title='bbox 629 1274 753 1347; x_wconf 83' lang='lat' dir='ltr'><strong>fratri?</strong></span> <span class='ocrx_word' id='word_1_47' title='bbox 779 1278 822 1346; x_wconf 86' lang='lat' dir='ltr'><strong>Et</strong></span> <span class='ocrx_word' id='word_1_48' title='bbox 839 1289 959 1348; x_wconf 91' lang='lat' dir='ltr'><strong>tamen</strong></span> <span class='ocrx_word' id='word_1_49' title='bbox 983 1273 1077 1350; x_wconf 88' lang='lat' dir='ltr'><strong>hanc</strong></span> <span class='ocrx_word' id='word_1_50' title='bbox 1095 1274 1278 1372; x_wconf 90' lang='lat' dir='ltr'><strong>pernicio-</strong></span> 
     </span>
    </p>
   </div>
   <div class='ocr_carea' id='block_1_3' title="bbox 3 1364 1278 1488">
    <p class='ocr_par' dir='ltr' id='par_1_3' title="bbox 3 1364 1278 1488">
     <span class='ocr_line' id='line_1_8' title="bbox 3 1364 1278 1488; baseline -0.002 -23"><span class='ocrx_word' id='word_1_51' title='bbox 3 1364 5 1381; x_wconf 34' lang='lat'><em>*</em></span> <span class='ocrx_word' id='word_1_52' title='bbox 87 1480 91 1486; x_wconf 30' lang='lat'>‚</span> <span class='ocrx_word' id='word_1_53' title='bbox 216 1391 389 1464; x_wconf 90' lang='lat' dir='ltr'><strong>sissimam</strong></span> <span class='ocrx_word' id='word_1_54' title='bbox 406 1389 619 1463; x_wconf 87' lang='lat' dir='ltr'><strong>dominandi</strong></span> <span class='ocrx_word' id='word_1_55' title='bbox 641 1388 874 1488; x_wconf 78' lang='lat' dir='ltr'><strong>cupiditatem</strong></span> <span class='ocrx_word' id='word_1_56' title='bbox 886 1403 1029 1462; x_wconf 86' lang='lat' dir='ltr'><strong>tantum</strong></span> <span class='ocrx_word' id='word_1_57' title='bbox 1044 1389 1136 1460; x_wconf 90' lang='lat' dir='ltr'><strong>inter</strong></span> <span class='ocrx_word' id='word_1_58' title='bbox 1153 1388 1278 1462; x_wconf 84' lang='lat' dir='ltr'><strong>fratres</strong></span> 
     </span>
    </p>
   </div>
   <div class='ocr_carea' id='block_1_4' title="bbox 216 1505 1329 4386">
    <p class='ocr_par' dir='ltr' id='par_1_4' title="bbox 216 1505 1329 4386">
     <span class='ocr_line' id='line_1_9' title="bbox 216 1505 1277 1608; baseline -0.004 -24"><span class='ocrx_word' id='word_1_59' title='bbox 216 1511 338 1584; x_wconf 87' lang='lat' dir='ltr'><strong>saevire</strong></span> <span class='ocrx_word' id='word_1_60' title='bbox 360 1509 620 1608; x_wconf 89' lang='lat' dir='ltr'><strong>conspicimus,</strong></span> <span class='ocrx_word' id='word_1_61' title='bbox 650 1521 691 1580; x_wconf 92' lang='lat' dir='ltr'><strong>ut</strong></span> <span class='ocrx_word' id='word_1_62' title='bbox 716 1505 793 1580; x_wconf 79' lang='lat' dir='ltr'><strong>lraec</strong></span> <span class='ocrx_word' id='word_1_63' title='bbox 818 1507 1016 1579; x_wconf 85' lang='lat' dir='ltr'><strong>arctissima</strong></span> <span class='ocrx_word' id='word_1_64' title='bbox 1040 1520 1175 1578; x_wconf 78' lang='lat' dir='ltr'><strong>nature</strong></span> <span class='ocrx_word' id='word_1_65' title='bbox 1197 1507 1277 1580; x_wconf 87' lang='lat' dir='ltr'><strong>vin·</strong></span> 
     </span>
     <span class='ocr_line' id='line_1_10' title="bbox 217 1619 1275 1726; baseline -0.004 -28"><span class='ocrx_word' id='word_1_66' title='bbox 217 1625 297 1698; x_wconf 87' lang='lat' dir='ltr'><strong>cula</strong></span> <span class='ocrx_word' id='word_1_67' title='bbox 320 1639 356 1696; x_wconf 89' lang='lat' dir='ltr'><strong>et</strong></span> <span class='ocrx_word' id='word_1_68' title='bbox 375 1623 510 1698; x_wconf 82' lang='lat' dir='ltr'><strong>foedera</strong></span> <span class='ocrx_word' id='word_1_69' title='bbox 533 1647 597 1696; x_wconf 91' lang='lat' dir='ltr'><strong>sua</strong></span> <span class='ocrx_word' id='word_1_70' title='bbox 619 1621 828 1718; x_wconf 88' lang='lat' dir='ltr'><strong>impiissima</strong></span> <span class='ocrx_word' id='word_1_71' title='bbox 855 1620 1064 1726; x_wconf 86' lang='lat' dir='ltr'><strong>crudelitate</strong></span> <span class='ocrx_word' id='word_1_72' title='bbox 1092 1619 1275 1695; x_wconf 83' lang='lat' dir='ltr'><strong>dissolvat.</strong></span> 
     </span>
     <span class='ocr_line' id='line_1_11' title="bbox 217 1735 1277 1840; baseline -0.002 -28"><span class='ocrx_word' id='word_1_73' title='bbox 217 1737 327 1829; x_wconf 90' lang='lat' dir='ltr'><strong>Quod</strong></span> <span class='ocrx_word' id='word_1_74' title='bbox 342 1739 503 1840; x_wconf 85' lang='lat' dir='ltr'><strong>prolecto</strong></span> <span class='ocrx_word' id='word_1_75' title='bbox 518 1738 548 1812; x_wconf 90' lang='lat' dir='ltr'><strong>si</strong></span> <span class='ocrx_word' id='word_1_76' title='bbox 563 1735 728 1827; x_wconf 90' lang='lat' dir='ltr'><strong>laudem,</strong></span> <span class='ocrx_word' id='word_1_77' title='bbox 756 1737 786 1810; x_wconf 93' lang='lat' dir='ltr'><strong>si</strong></span> <span class='ocrx_word' id='word_1_78' title='bbox 814 1736 964 1835; x_wconf 81' lang='lat' dir='ltr'><strong>gloriam</strong></span> <span class='ocrx_word' id='word_1_79' title='bbox 989 1737 1069 1834; x_wconf 91' lang='lat' dir='ltr'><strong>quis</strong></span> <span class='ocrx_word' id='word_1_80' title='bbox 1093 1751 1277 1810; x_wconf 87' lang='lat' dir='ltr'><strong>consecta-</strong></span> 
     </span>
     <span class='ocr_line' id='line_1_12' title="bbox 218 1852 1279 1954; baseline 0.002 -30"><span class='ocrx_word' id='word_1_81' title='bbox 218 1869 331 1945; x_wconf 86' lang='lat' dir='ltr'><strong>retur,</strong></span> <span class='ocrx_word' id='word_1_82' title='bbox 349 1878 537 1951; x_wconf 86' lang='lat' dir='ltr'><strong>nunquam</strong></span> <span class='ocrx_word' id='word_1_83' title='bbox 553 1861 619 1954; x_wconf 90' lang='lat' dir='ltr'><strong>p&#39;er</strong></span> <span class='ocrx_word' id='word_1_84' title='bbox 632 1868 705 1926; x_wconf 90' lang='lat' dir='ltr'><strong>tam</strong></span> <span class='ocrx_word' id='word_1_85' title='bbox 721 1869 844 1954; x_wconf 89' lang='lat' dir='ltr'><strong>aperta</strong></span> <span class='ocrx_word' id='word_1_86' title='bbox 860 1869 895 1926; x_wconf 89' lang='lat' dir='ltr'><strong>et</strong></span> <span class='ocrx_word' id='word_1_87' title='bbox 912 1852 1119 1926; x_wconf 88' lang='lat' dir='ltr'><strong>detestanda</strong></span> <span class='ocrx_word' id='word_1_88' title='bbox 1145 1853 1279 1926; x_wconf 88' lang='lat' dir='ltr'><strong>scelera</strong></span> 
     </span>
     <span class='ocr_line' id='line_1_13' title="bbox 217 1970 1276 2068; baseline 0 -24"><span class='ocrx_word' id='word_1_89' title='bbox 217 1970 506 2045; x_wconf 90' lang='lat' dir='ltr'><strong>dominationem</strong></span> <span class='ocrx_word' id='word_1_90' title='bbox 527 1970 687 2045; x_wconf 86' lang='lat' dir='ltr'><strong>studeret</strong></span> <span class='ocrx_word' id='word_1_91' title='bbox 706 1973 903 2068; x_wconf 87' lang='lat' dir='ltr'><strong>acquirere.</strong></span> <span class='ocrx_word' id='word_1_92' title='bbox 925 2001 942 2038; x_wconf 75' lang='grc' dir='ltr'><em>α</em></span> <span class='ocrx_word' id='word_1_93' title='bbox 962 1971 999 2045; x_wconf 90' lang='lat' dir='ltr'><strong>Si</strong></span> <span class='ocrx_word' id='word_1_94' title='bbox 1015 1970 1135 2068; x_wconf 84' lang='lat' dir='ltr'><strong>gloriae</strong></span> <span class='ocrx_word' id='word_1_95' title='bbox 1156 1994 1276 2064; x_wconf 86' lang='lat' dir='ltr'><strong>causa,</strong></span> 
     </span>
     <span class='ocr_line' id='line_1_14' title="bbox 219 2085 1277 2186; baseline 0.002 -28"><span class='ocrx_word' id='word_1_96' title='bbox 219 2088 335 2184; x_wconf 90' lang='lat' dir='ltr'><strong>inquit</strong></span> <span class='ocrx_word' id='word_1_97' title='bbox 351 2088 489 2182; x_wconf 90' lang='lat' dir='ltr'><strong>Cicero,</strong></span> <span class='ocrx_word' id='word_1_98' title='bbox 509 2086 698 2186; x_wconf 91' lang='lat' dir='ltr'><strong>imperium</strong></span> <span class='ocrx_word' id='word_1_99' title='bbox 708 2086 949 2186; x_wconf 83' lang='lat' dir='ltr'><strong>expetendum</strong></span> <span class='ocrx_word' id='word_1_100' title='bbox 960 2101 1025 2179; x_wconf 91' lang='lat' dir='ltr'><strong>est,</strong></span> <span class='ocrx_word' id='word_1_101' title='bbox 1040 2085 1158 2160; x_wconf 89' lang='lat' dir='ltr'><strong>scelus</strong></span> <span class='ocrx_word' id='word_1_102' title='bbox 1171 2086 1277 2176; x_wconf 90' lang='lat' dir='ltr'><strong>absit,</strong></span> 
     </span>
     <span class='ocr_line' id='line_1_15' title="bbox 219 2201 1280 2303; baseline 0.004 -31"><span class='ocrx_word' id='word_1_103' title='bbox 219 2201 256 2272; x_wconf 92' lang='lat' dir='ltr'><strong>in</strong></span> <span class='ocrx_word' id='word_1_104' title='bbox 278 2227 351 2300; x_wconf 92' lang='lat' dir='ltr'><strong>quo</strong></span> <span class='ocrx_word' id='word_1_105' title='bbox 370 2228 445 2276; x_wconf 93' lang='lat' dir='ltr'><strong>non</strong></span> <span class='ocrx_word' id='word_1_106' title='bbox 460 2217 578 2303; x_wconf 91' lang='lat' dir='ltr'><strong>potest</strong></span> <span class='ocrx_word' id='word_1_107' title='bbox 590 2227 668 2276; x_wconf 89' lang='lat' dir='ltr'><strong>esse</strong></span> <span class='ocrx_word' id='word_1_108' title='bbox 679 2203 803 2300; x_wconf 83' lang='lat' dir='ltr'><strong>gloria.</strong></span> <span class='ocrx_word' id='word_1_109' title='bbox 823 2231 841 2270; x_wconf 83' lang='lat' dir='ltr'><strong>n</strong></span> <span class='ocrx_word' id='word_1_110' title='bbox 862 2202 967 2275; x_wconf 87' lang='lat' dir='ltr'><strong>Unde</strong></span> <span class='ocrx_word' id='word_1_111' title='bbox 980 2203 1061 2301; x_wconf 91' lang='lat' dir='ltr'><strong>jure</strong></span> <span class='ocrx_word' id='word_1_112' title='bbox 1077 2202 1171 2277; x_wconf 91' lang='lat' dir='ltr'><strong>illius</strong></span> <span class='ocrx_word' id='word_1_113' title='bbox 1183 2203 1280 2276; x_wconf 89' lang='lat' dir='ltr'><strong>illus-</strong></span> 
     </span>
     <span class='ocr_line' id='line_1_16' title="bbox 218 2321 1277 2416; baseline 0.002 -24"><span class='ocrx_word' id='word_1_114' title='bbox 218 2321 282 2392; x_wconf 89' lang='lat' dir='ltr'><strong>tris</strong></span> <span class='ocrx_word' id='word_1_115' title='bbox 299 2321 449 2395; x_wconf 83' lang='lat' dir='ltr'><strong>Fabricii</strong></span> <span class='ocrx_word' id='word_1_116' title='bbox 475 2321 607 2395; x_wconf 85' lang='lat' dir='ltr'><strong>lactum</strong></span> <span class='ocrx_word' id='word_1_117' title='bbox 625 2347 645 2396; x_wconf 88' lang='lat' dir='ltr'><strong>a</strong></span> <span class='ocrx_word' id='word_1_118' title='bbox 663 2336 788 2395; x_wconf 89' lang='lat' dir='ltr'><strong>senatu</strong></span> <span class='ocrx_word' id='word_1_119' title='bbox 811 2326 977 2394; x_wconf 85' lang='lat' dir='ltr'><strong>Romano</strong></span> <span class='ocrx_word' id='word_1_120' title='bbox 999 2322 1185 2396; x_wconf 87' lang='lat' dir='ltr'><strong>laudatum</strong></span> <span class='ocrx_word' id='word_1_121' title='bbox 1202 2337 1277 2416; x_wconf 90' lang='lat' dir='ltr'><strong>est,</strong></span> 
     </span>
     <span class='ocr_line' id='line_1_17' title="bbox 219 2434 1281 2536; baseline 0.004 -29"><span class='ocrx_word' id='word_1_122' title='bbox 219 2434 266 2507; x_wconf 86' lang='lat' dir='ltr'><strong>ad</strong></span> <span class='ocrx_word' id='word_1_123' title='bbox 282 2437 384 2534; x_wconf 90' lang='lat' dir='ltr'><strong>cujus</strong></span> <span class='ocrx_word' id='word_1_124' title='bbox 402 2452 517 2510; x_wconf 89' lang='lat' dir='ltr'><strong>castra</strong></span> <span class='ocrx_word' id='word_1_125' title='bbox 532 2461 617 2510; x_wconf 88' lang='lat' dir='ltr'><strong>oum</strong></span> <span class='ocrx_word' id='word_1_126' title='bbox 635 2463 678 2510; x_wconf 83' lang='lat' dir='ltr'><strong>ex</strong></span> <span class='ocrx_word' id='word_1_127' title='bbox 698 2437 889 2510; x_wconf 90' lang='lat' dir='ltr'><strong>comitibus</strong></span> <span class='ocrx_word' id='word_1_128' title='bbox 908 2437 1050 2536; x_wconf 89' lang='lat' dir='ltr'><strong>Pyrrhi,</strong></span> <span class='ocrx_word' id='word_1_129' title='bbox 1069 2439 1225 2536; x_wconf 87' lang='lat' dir='ltr'><strong>potentis</strong></span> <span class='ocrx_word' id='word_1_130' title='bbox 1244 2453 1281 2511; x_wconf 90' lang='lat' dir='ltr'><strong>et</strong></span> 
     </span>
     <span class='ocr_line' id='line_1_18' title="bbox 220 2553 1279 2652; baseline 0.001 -28"><span class='ocrx_word' id='word_1_131' title='bbox 220 2554 381 2647; x_wconf 86' lang='lat' dir='ltr'><strong>generosi</strong></span> <span class='ocrx_word' id='word_1_132' title='bbox 405 2554 510 2650; x_wconf 85' lang='lat' dir='ltr'><strong>regis,</strong></span> <span class='ocrx_word' id='word_1_133' title='bbox 536 2553 599 2651; x_wconf 90' lang='lat' dir='ltr'><strong>qui</strong></span> <span class='ocrx_word' id='word_1_134' title='bbox 619 2576 694 2625; x_wconf 93' lang='lat' dir='ltr'><strong>non</strong></span> <span class='ocrx_word' id='word_1_135' title='bbox 720 2577 833 2651; x_wconf 86' lang='lat' dir='ltr'><strong>parvo</strong></span> <span class='ocrx_word' id='word_1_136' title='bbox 853 2554 981 2625; x_wconf 89' lang='lat' dir='ltr'><strong>terrori</strong></span> <span class='ocrx_word' id='word_1_137' title='bbox 997 2566 1106 2651; x_wconf 87' lang='lat' dir='ltr'><strong>atque</strong></span> <span class='ocrx_word' id='word_1_138' title='bbox 1120 2553 1279 2652; x_wconf 90' lang='lat' dir='ltr'><strong>periculo</strong></span> 
     </span>
     <span class='ocr_line' id='line_1_19' title="bbox 220 2669 1281 2770; baseline 0.002 -30"><span class='ocrx_word' id='word_1_139' title='bbox 220 2669 392 2743; x_wconf 86' lang='lat' dir='ltr'><strong>Romanis</strong></span> <span class='ocrx_word' id='word_1_140' title='bbox 415 2683 510 2764; x_wconf 90' lang='lat' dir='ltr'><strong>erat,</strong></span> <span class='ocrx_word' id='word_1_141' title='bbox 538 2669 719 2765; x_wconf 77' lang='lat' dir='ltr'><strong>transfuga</strong></span> <span class='ocrx_word' id='word_1_142' title='bbox 741 2670 907 2765; x_wconf 82' lang='lat' dir='ltr'><strong>venisset,</strong></span> <span class='ocrx_word' id='word_1_143' title='bbox 929 2671 992 2768; x_wconf 92' lang='lat' dir='ltr'><strong>qui</strong></span> <span class='ocrx_word' id='word_1_144' title='bbox 1008 2669 1076 2742; x_wconf 90' lang='lat' dir='ltr'><strong>sibi</strong></span> <span class='ocrx_word' id='word_1_145' title='bbox 1091 2669 1281 2770; x_wconf 89' lang='lat' dir='ltr'><strong>pollicere-</strong></span> 
     </span>
     <span class='ocr_line' id='line_1_20' title="bbox 219 2786 1281 2886; baseline -0.002 -27"><span class='ocrx_word' id='word_1_146' title='bbox 219 2801 291 2878; x_wconf 91' lang='lat' dir='ltr'><strong>tur,</strong></span> <span class='ocrx_word' id='word_1_147' title='bbox 310 2786 340 2860; x_wconf 89' lang='lat' dir='ltr'><strong>si</strong></span> <span class='ocrx_word' id='word_1_148' title='bbox 354 2787 541 2886; x_wconf 77' lang='lat' dir='ltr'><strong>praemium</strong></span> <span class='ocrx_word' id='word_1_149' title='bbox 561 2787 594 2859; x_wconf 92' lang='lat' dir='ltr'><strong>ei</strong></span> <span class='ocrx_word' id='word_1_150' title='bbox 610 2786 854 2885; x_wconf 83' lang='lat' dir='ltr'><strong>proposuisset</strong></span> <span class='ocrx_word' id='word_1_151' title='bbox 870 2802 979 2885; x_wconf 86' lang='lat' dir='ltr'><strong>atque</strong></span> <span class='ocrx_word' id='word_1_152' title='bbox 993 2786 1203 2885; x_wconf 85' lang='lat' dir='ltr'><strong>promittere</strong></span> <span class='ocrx_word' id='word_1_153' title='bbox 1219 2810 1281 2858; x_wconf 86' lang='lat' dir='ltr'><strong>vo·</strong></span> 
     </span>
     <span class='ocr_line' id='line_1_21' title="bbox 220 2901 1281 2995; baseline -0.001 -18"><span class='ocrx_word' id='word_1_154' title='bbox 220 2904 355 2994; x_wconf 88' lang='lat' dir='ltr'><strong>luisset,</strong></span> <span class='ocrx_word' id='word_1_155' title='bbox 386 2926 436 2991; x_wconf 87' lang='lat' dir='ltr'><strong>se,</strong></span> <span class='ocrx_word' id='word_1_156' title='bbox 466 2916 506 2974; x_wconf 92' lang='lat' dir='ltr'><strong>ut</strong></span> <span class='ocrx_word' id='word_1_157' title='bbox 531 2901 625 2976; x_wconf 88' lang='lat' dir='ltr'><strong>clam</strong></span> <span class='ocrx_word' id='word_1_158' title='bbox 648 2902 820 2995; x_wconf 82' lang='lat' dir='ltr'><strong>venisset,</strong></span> <span class='ocrx_word' id='word_1_159' title='bbox 850 2903 901 2975; x_wconf 91' lang='lat' dir='ltr'><strong>sic</strong></span> <span class='ocrx_word' id='word_1_160' title='bbox 925 2918 960 2977; x_wconf 90' lang='lat' dir='ltr'><strong>et</strong></span> <span class='ocrx_word' id='word_1_161' title='bbox 984 2904 1078 2976; x_wconf 89' lang='lat' dir='ltr'><strong>clam</strong></span> <span class='ocrx_word' id='word_1_162' title='bbox 1105 2905 1142 2975; x_wconf 92' lang='lat' dir='ltr'><strong>in</strong></span> <span class='ocrx_word' id='word_1_163' title='bbox 1167 2917 1281 2976; x_wconf 86' lang='lat' dir='ltr'><strong>eastra</strong></span> 
     </span>
     <span class='ocr_line' id='line_1_22' title="bbox 222 3018 1329 3119; baseline 0.003 -25"><span class='ocrx_word' id='word_1_164' title='bbox 222 3019 348 3119; x_wconf 85' lang='lat' dir='ltr'><strong>Pyrrhi</strong></span> <span class='ocrx_word' id='word_1_165' title='bbox 372 3018 574 3093; x_wconf 89' lang='lat' dir='ltr'><strong>rediturum</strong></span> <span class='ocrx_word' id='word_1_166' title='bbox 601 3034 637 3091; x_wconf 91' lang='lat' dir='ltr'><strong>et</strong></span> <span class='ocrx_word' id='word_1_167' title='bbox 664 3042 748 3091; x_wconf 91' lang='lat' dir='ltr'><strong>eum</strong></span> <span class='ocrx_word' id='word_1_168' title='bbox 770 3043 913 3092; x_wconf 86' lang='lat' dir='ltr'><strong>veneno</strong></span> <span class='ocrx_word' id='word_1_169' title='bbox 942 3033 1168 3112; x_wconf 88' lang='lat' dir='ltr'><strong>necaturum,</strong></span> <span class='ocrx_word' id='word_1_170' title='bbox 1196 3044 1280 3092; x_wconf 78' lang='lat' dir='ltr'><strong>etun</strong></span> <span class='ocrx_word' id='word_1_171' title='bbox 1328 3095 1329 3098; x_wconf 74' lang='grc'>,</span> 
     </span>
     <span class='ocr_line' id='line_1_23' title="bbox 220 3132 1280 3234; baseline -0.002 -23"><span class='ocrx_word' id='word_1_172' title='bbox 220 3137 267 3211; x_wconf 90' lang='lat' dir='ltr'><strong>ad</strong></span> <span class='ocrx_word' id='word_1_173' title='bbox 281 3135 459 3234; x_wconf 78' lang='lat' dir='ltr'><strong>Pyrrhum</strong></span> <span class='ocrx_word' id='word_1_174' title='bbox 474 3132 729 3209; x_wconf 85' lang='lat' dir='ltr'><strong>remittendum</strong></span> <span class='ocrx_word' id='word_1_175' title='bbox 746 3137 898 3226; x_wconf 86' lang='lat' dir='ltr'><strong>curavit,</strong></span> <span class='ocrx_word' id='word_1_176' title='bbox 919 3160 987 3208; x_wconf 91' lang='lat' dir='ltr'><strong>nec</strong></span> <span class='ocrx_word' id='word_1_177' title='bbox 1003 3133 1133 3208; x_wconf 90' lang='lat' dir='ltr'><strong>talibus</strong></span> <span class='ocrx_word' id='word_1_178' title='bbox 1145 3135 1280 3209; x_wconf 85' lang='lat' dir='ltr'><strong>artibus</strong></span> 
     </span>
     <span class='ocr_line' id='line_1_24' title="bbox 220 3249 1280 3354; baseline 0 -29"><span class='ocrx_word' id='word_1_179' title='bbox 220 3249 384 3326; x_wconf 81' lang='lat' dir='ltr'><strong>nefandis</strong></span> <span class='ocrx_word' id='word_1_180' title='bbox 405 3266 441 3324; x_wconf 92' lang='lat' dir='ltr'><strong>et</strong></span> <span class='ocrx_word' id='word_1_181' title='bbox 459 3250 615 3354; x_wconf 82' lang='lat' dir='ltr'><strong>scelestis</strong></span> <span class='ocrx_word' id='word_1_182' title='bbox 637 3252 683 3325; x_wconf 90' lang='lat' dir='ltr'><strong>de</strong></span> <span class='ocrx_word' id='word_1_183' title='bbox 705 3251 953 3352; x_wconf 91' lang='lat' dir='ltr'><strong>potentissimo</strong></span> <span class='ocrx_word' id='word_1_184' title='bbox 970 3252 1094 3344; x_wconf 87' lang='lat' dir='ltr'><strong>hoste,</strong></span> <span class='ocrx_word' id='word_1_185' title='bbox 1113 3252 1211 3324; x_wconf 90' lang='lat' dir='ltr'><strong>nulla</strong></span> <span class='ocrx_word' id='word_1_186' title='bbox 1227 3265 1280 3325; x_wconf 87' lang='lat' dir='ltr'><strong>ta·</strong></span> 
     </span>
     <span class='ocr_line' id='line_1_25' title="bbox 221 3364 1282 3466; baseline 0 -26"><span class='ocrx_word' id='word_1_187' title='bbox 221 3391 303 3440; x_wconf 92' lang='lat' dir='ltr'><strong>men</strong></span> <span class='ocrx_word' id='word_1_188' title='bbox 321 3366 388 3438; x_wconf 93' lang='lat' dir='ltr'><strong>sibi</strong></span> <span class='ocrx_word' id='word_1_189' title='bbox 405 3364 666 3440; x_wconf 88' lang='lat' dir='ltr'><strong>necessitudine</strong></span> <span class='ocrx_word' id='word_1_190' title='bbox 686 3368 895 3466; x_wconf 90' lang='lat' dir='ltr'><strong>conjuncto,</strong></span> <span class='ocrx_word' id='word_1_191' title='bbox 915 3367 1119 3440; x_wconf 88' lang='lat' dir='ltr'><strong>nullatenus</strong></span> <span class='ocrx_word' id='word_1_192' title='bbox 1144 3368 1282 3440; x_wconf 83' lang='lat' dir='ltr'><strong>curavit</strong></span> 
     </span>
     <span class='ocr_line' id='line_1_26' title="bbox 220 3482 1282 3584; baseline 0 -28"><span class='ocrx_word' id='word_1_193' title='bbox 220 3497 405 3584; x_wconf 85' lang='lat' dir='ltr'><strong>reportare</strong></span> <span class='ocrx_word' id='word_1_194' title='bbox 425 3482 625 3556; x_wconf 86' lang='lat' dir='ltr'><strong>victoriam.</strong></span> <span class='ocrx_word' id='word_1_195' title='bbox 652 3487 874 3557; x_wconf 90' lang='lat' dir='ltr'><strong>Generosum</strong></span> <span class='ocrx_word' id='word_1_196' title='bbox 894 3483 1055 3583; x_wconf 84' lang='lat' dir='ltr'><strong>prolecto</strong></span> <span class='ocrx_word' id='word_1_197' title='bbox 1080 3499 1117 3556; x_wconf 91' lang='lat' dir='ltr'><strong>et</strong></span> <span class='ocrx_word' id='word_1_198' title='bbox 1141 3484 1282 3558; x_wconf 79' lang='lat' dir='ltr'><strong>virtutis</strong></span> 
     </span>
     <span class='ocr_line' id='line_1_27' title="bbox 221 3597 1282 3699; baseline 0.002 -28"><span class='ocrx_word' id='word_1_199' title='bbox 221 3597 414 3699; x_wconf 87' lang='lat' dir='ltr'><strong>splendore</strong></span> <span class='ocrx_word' id='word_1_200' title='bbox 437 3613 605 3671; x_wconf 85' lang='lat' dir='ltr'><strong>ornatum</strong></span> <span class='ocrx_word' id='word_1_201' title='bbox 630 3614 755 3698; x_wconf 91' lang='lat' dir='ltr'><strong>pectus</strong></span> <span class='ocrx_word' id='word_1_202' title='bbox 784 3627 792 3671; x_wconf 91' lang='lat'><strong>:</strong></span> <span class='ocrx_word' id='word_1_203' title='bbox 819 3599 918 3698; x_wconf 92' lang='lat' dir='ltr'><strong>quod</strong></span> <span class='ocrx_word' id='word_1_204' title='bbox 941 3600 1079 3672; x_wconf 86' lang='lat' dir='ltr'><strong>utinam</strong></span> <span class='ocrx_word' id='word_1_205' title='bbox 1100 3599 1171 3672; x_wconf 87' lang='lat' dir='ltr'><strong>tale</strong></span> <span class='ocrx_word' id='word_1_206' title='bbox 1197 3599 1282 3673; x_wconf 91' lang='lat' dir='ltr'><strong>huic</strong></span> 
     </span>
     <span class='ocr_line' id='line_1_28' title="bbox 220 3715 1281 3817; baseline 0.003 -29"><span class='ocrx_word' id='word_1_207' title='bbox 220 3715 405 3789; x_wconf 82' lang='lat' dir='ltr'><strong>Ludovico</strong></span> <span class='ocrx_word' id='word_1_208' title='bbox 426 3716 547 3788; x_wconf 85' lang='lat' dir='ltr'><strong>luisset</strong></span> <span class='ocrx_word' id='word_1_209' title='bbox 563 3730 670 3814; x_wconf 90' lang='lat' dir='ltr'><strong>atque</strong></span> <span class='ocrx_word' id='word_1_210' title='bbox 683 3715 791 3791; x_wconf 88' lang='lat' dir='ltr'><strong>foretl</strong></span> <span class='ocrx_word' id='word_1_211' title='bbox 813 3723 892 3790; x_wconf 90' lang='lat' dir='ltr'><strong>Non</strong></span> <span class='ocrx_word' id='word_1_212' title='bbox 910 3717 1047 3790; x_wconf 85' lang='lat' dir='ltr'><strong>lecisset</strong></span> <span class='ocrx_word' id='word_1_213' title='bbox 1065 3719 1202 3817; x_wconf 89' lang='lat' dir='ltr'><strong>quippe</strong></span> <span class='ocrx_word' id='word_1_214' title='bbox 1218 3743 1281 3791; x_wconf 89' lang='lat' dir='ltr'><strong>seu</strong></span> 
     </span>
     <span class='ocr_line' id='line_1_29' title="bbox 220 3830 1282 3924; baseline 0.003 -19"><span class='ocrx_word' id='word_1_215' title='bbox 220 3834 468 3924; x_wconf 89' lang='lat' dir='ltr'><strong>consensisset,</strong></span> <span class='ocrx_word' id='word_1_216' title='bbox 486 3830 543 3904; x_wconf 81' lang='lat' dir='ltr'><strong>vel</strong></span> <span class='ocrx_word' id='word_1_217' title='bbox 556 3832 759 3906; x_wconf 85' lang='lat' dir='ltr'><strong>mandasset</strong></span> <span class='ocrx_word' id='word_1_218' title='bbox 775 3833 853 3907; x_wconf 83' lang='lat' dir='ltr'><strong>fieri</strong></span> <span class='ocrx_word' id='word_1_219' title='bbox 868 3847 942 3906; x_wconf 92' lang='lat' dir='ltr'><strong>tam</strong></span> <span class='ocrx_word' id='word_1_220' title='bbox 965 3832 1190 3907; x_wconf 89' lang='lat' dir='ltr'><strong>horrendum</strong></span> <span class='ocrx_word' id='word_1_221' title='bbox 1210 3833 1282 3908; x_wconf 85' lang='lat' dir='ltr'><strong>fra·</strong></span> 
     </span>
     <span class='ocr_line' id='line_1_30' title="bbox 220 3948 1282 4048; baseline 0.003 -27"><span class='ocrx_word' id='word_1_222' title='bbox 220 3948 416 4042; x_wconf 89' lang='lat' dir='ltr'><strong>tricidium,</strong></span> <span class='ocrx_word' id='word_1_223' title='bbox 432 3948 529 4021; x_wconf 91' lang='lat' dir='ltr'><strong>unde</strong></span> <span class='ocrx_word' id='word_1_224' title='bbox 538 3949 701 4048; x_wconf 88' lang='lat' dir='ltr'><strong>posteris,</strong></span> <span class='ocrx_word' id='word_1_225' title='bbox 718 3950 1025 4046; x_wconf 88' lang='lat' dir='ltr'><strong>quemadmodum</strong></span> <span class='ocrx_word' id='word_1_226' title='bbox 1039 3952 1141 4043; x_wconf 88' lang='lat' dir='ltr'><strong>Cain,</strong></span> <span class='ocrx_word' id='word_1_227' title='bbox 1157 3955 1282 4024; x_wconf 82' lang='lat' dir='ltr'><strong>Atreus</strong></span> 
     </span>
     <span class='ocr_line' id='line_1_31' title="bbox 220 4063 1282 4166; baseline 0.003 -29"><span class='ocrx_word' id='word_1_228' title='bbox 220 4078 255 4138; x_wconf 91' lang='lat' dir='ltr'><strong>et</strong></span> <span class='ocrx_word' id='word_1_229' title='bbox 282 4065 465 4163; x_wconf 88' lang='lat' dir='ltr'><strong>Thyestes,</strong></span> <span class='ocrx_word' id='word_1_230' title='bbox 486 4063 647 4137; x_wconf 86' lang='lat' dir='ltr'><strong>Eteocles</strong></span> <span class='ocrx_word' id='word_1_231' title='bbox 671 4080 707 4138; x_wconf 98' lang='lat' dir='ltr'><strong>et</strong></span> <span class='ocrx_word' id='word_1_232' title='bbox 735 4064 931 4164; x_wconf 89' lang='lat' dir='ltr'><strong>Polynices,</strong></span> <span class='ocrx_word' id='word_1_233' title='bbox 952 4082 988 4142; x_wconf 88' lang='lat' dir='ltr'><strong>et</strong></span> <span class='ocrx_word' id='word_1_234' title='bbox 1009 4066 1220 4166; x_wconf 90' lang='lat' dir='ltr'><strong>hujusmodi</strong></span> <span class='ocrx_word' id='word_1_235' title='bbox 1236 4068 1282 4140; x_wconf 91' lang='lat' dir='ltr'><strong>si·</strong></span> 
     </span>
     <span class='ocr_line' id='line_1_32' title="bbox 221 4179 1282 4286; baseline 0.004 -32"><span class='ocrx_word' id='word_1_236' title='bbox 221 4179 323 4254; x_wconf 91' lang='lat' dir='ltr'><strong>miles</strong></span> <span class='ocrx_word' id='word_1_237' title='bbox 345 4181 382 4252; x_wconf 94' lang='lat' dir='ltr'><strong>in</strong></span> <span class='ocrx_word' id='word_1_238' title='bbox 406 4180 564 4254; x_wconf 81' lang='lat' dir='ltr'><strong>tabulam</strong></span> <span class='ocrx_word' id='word_1_239' title='bbox 580 4196 615 4255; x_wconf 90' lang='lat' dir='ltr'><strong>et</strong></span> <span class='ocrx_word' id='word_1_240' title='bbox 631 4183 923 4275; x_wconf 80' lang='lat' dir='ltr'><strong>exsecrationem,</strong></span> <span class='ocrx_word' id='word_1_241' title='bbox 941 4211 1008 4286; x_wconf 87' lang='lat' dir='ltr'><strong>pro</strong></span> <span class='ocrx_word' id='word_1_242' title='bbox 1027 4185 1084 4258; x_wconf 87' lang='lat' dir='ltr'><strong>sui</strong></span> <span class='ocrx_word' id='word_1_243' title='bbox 1095 4185 1282 4260; x_wconf 87' lang='lat' dir='ltr'><strong>atrocitate</strong></span> 
     </span>
     <span class='ocr_line' id='line_1_33' title="bbox 221 4296 605 4386; baseline 0 -17"><span class='ocrx_word' id='word_1_244' title='bbox 221 4296 376 4386; x_wconf 86' lang='lat' dir='ltr'><strong>sceleris,</strong></span> <span class='ocrx_word' id='word_1_245' title='bbox 395 4311 605 4371; x_wconf 84' lang='lat' dir='ltr'><strong>verteretur.</strong></span> 
     </span>
    </p>
   </div>
   <div class='ocr_carea' id='block_1_5' title="bbox 0 0 1653 5168">
    <p class='ocr_par' dir='ltr' id='par_1_5' title="bbox 0 0 1653 5168">
     <span class='ocr_line' id='line_1_34' title="bbox 0 0 1653 5168; baseline 0 0"><span class='ocrx_word' id='word_1_246' title='bbox 0 0 1653 5168; x_wconf 95' lang='lat' dir='ltr'><strong> </strong></span> 
     </span>
    </p>
   </div>
  </div>
 </body>
</html>
