3402 5186
365 527 403 584 28
637 527 893 588 fltstottltltutt
912 528 1090 586 Luuovtct
1110 529 1154 586 xl

363 655 505 758 gundiae
525 670 667 756 ageret,
695 655 858 757 pluribus
879 680 923 729 ex
943 655 1151 756 proceribus
1180 671 1218 731 et
1246 657 1429 732 nobilibus

364 787 540 846 terrarum
553 797 722 868 suarum,
742 775 805 874 qui
822 774 860 846 in
885 799 971 847 eum
987 773 1221 873 obsequiosos
1238 789 1346 872 atque
1361 775 1427 849 be·

245 881 252 890 ’
364 887 499 962 neficos
515 912 591 962 sese
605 888 862 980 exhibuissent,
877 889 1017 988 magnis
1027 912 1090 961 eos
1102 889 1427 990 muneribusatque

363 1007 565 1080 honoribus
581 1007 797 1098 sublimare,
819 1007 849 1078 si
871 1008 973 1104 regni
996 1006 1137 1106 paterni
1163 1009 1427 1106 possessionem

364 1138 490 1197 nactus
508 1123 613 1198 soret.
630 1127 792 1211 Quarum
808 1119 1088 1222 promissionum
1111 1121 1262 1196 obtentu
1279 1149 1427 1222 speran-

363 1253 416 1312 tes
438 1238 605 1337 pollicitis
631 1235 741 1311 fidem
771 1236 950 1337 prestari,
978 1235 1099 1336 plures
1124 1259 1208 1309 cum
1233 1220 1367 1336 magno
1393 1255 1429 1312 et

362 1368 577 1453 sumptuoso
593 1367 766 1454 apparatu
788 1377 871 1426 eum
893 1351 940 1425 ad
963 1350 1092 1424 urbem
1108 1355 1304 1426 Remorum
1321 1367 1429 1452 atque

364 1469 581 1543 Parisiorum
612 1469 860 1544 comitandum
892 1484 1001 1569 atque
1030 1469 1288 1542 honorandum
1316 1471 1428 1546 duxe-

362 1599 465 1675 rant3
493 1586 574 1680 sed,
601 1585 664 1658 ubi
686 1610 724 1658 se
746 1584 893 1686 pacifice
916 1587 954 1657 in
981 1609 1131 1684 regnum
1161 1601 1367 1684 susceptum
1393 1603 1429 1661 et

363 1701 499 1799 absque
510 1703 796 1776 contradictione
813 1701 980 1802 pervidit,
991 1703 1090 1775 velut
1102 1703 1350 1800 impensorum
1362 1703 1429 1777 sibi

362 1819 554 1894 immemor
570 1817 830 1893 beneficiorum
844 1833 881 1893 et
898 1815 1113 1912 officiorum,
1133 1817 1223 1892 nihil
1238 1820 1275 1892 in
1293 1845 1355 1893 eos
1366 1820 1430 1893 bo-

362 1935 461 2008 noris
480 1949 541 2008 aut
556 1936 676 2033 gratiae
690 1933 879 2034 impendit.

411 2051 500 2138 Quae
527 2073 612 2122 cum
633 2047 931 2148 prudentissimus
953 2049 1012 2124 ille
1033 2049 1332 2147 Burgundionum
1355 2051 1428 2124 dux

363 2165 562 2265 Philippus,
579 2165 643 2264 qui
659 2165 697 2238 in
710 2190 794 2238 eum
811 2180 884 2239 tarn
900 2165 1099 2262 beneficus,
1118 2165 1353 2265 obsequiosus
1364 2165 1430 2239 hu·

363 2305 562 2380 manusque
579 2281 706 2376 suerat,
726 2283 1037 2374 animadverteret,
1056 2284 1129 2356 suis
1147 2281 1319 2355 omnibus
1335 2282 1429 2354 inhi-

361 2397 480 2471 buisse
498 2397 622 2493 fertur,
641 2397 760 2474 adhuc
775 2399 912 2472 Parisiis
930 2401 1114 2491 exsistens,
1136 2423 1182 2472 ne
1201 2399 1283 2495 quis
1296 2397 1343 2472 de
1357 2397 1430 2471 suis

361 2514 436 2612 regi
451 2539 519 2613 pro
536 2511 656 2588 officio
667 2514 790 2614 aliquo
803 2541 866 2590 seu
882 2540 1031 2589 munere
1043 2529 1105 2587 aut
1118 2515 1189 2589 alio
1199 2539 1429 2614 quocumque

361 2629 563 2730 supplicare
578 2629 739 2704 auderet.
760 2630 984 2728 Agnoscebat
997 2632 1095 2704 enim
1105 2645 1140 2704 et
1149 2631 1233 2702 saris
1243 2630 1320 2728 jam
1330 2653 1431 2702 com-

361 2761 504 2846 pertum
530 2746 709 2839 habebat,
731 2748 874 2847 qualem
899 2749 1061 2820 animum
1079 2746 1126 2820 ad
1148 2745 1322 2842 gratiam,
1353 2771 1427 2818 non

362 2863 474 2935 modo
496 2863 739 2957 referendam,
765 2865 826 2937 sed
852 2879 888 2935 et
912 2864 957 2936 ad
982 2862 1187 2936 habendam
1211 2888 1273 2935 seu
1290 2888 1429 2937 memo·

362 2976 526 3072 rendam,
546 2995 683 3076 gereret
698 2984 721 3070 ¹,
740 3004 809 3080 pro
828 2992 881 3051 tot
895 2981 1071 3086 tantisque
1086 2981 1241 3079 acceptis
1248 2977 1430 3053 beneficiis

361 3110 398 3168 et
414 3094 540 3169 officiis
555 3097 673 3192 qualia
690 3096 787 3195 apud
813 3120 872 3188 se,
893 3096 980 3169 dum
1006 3121 1090 3168 eum
1111 3095 1303 3196 profugum
1320 3109 1429 3193 atque

362 3212 519 3283 exsulem
547 3210 597 3283 ob
622 3210 909 3308 indignationem
933 3211 1119 3310 minasque
1141 3226 1325 3312 paternas,
1355 3225 1430 3284 tam

362 3325 523 3400 officiose
532 3343 568 3401 et
579 3326 756 3402 benevole
768 3329 975 3428 excepisset,
995 3327 1430 3427 bonorificentissimeque

363 3457 546 3516 tractasset
562 3458 670 3540 atque
686 3460 926 3544 procurasset,
938 3445 1036 3518 idem
1050 3445 1260 3542 magnificus
1277 3458 1312 3516 et
1329 3443 1430 3516 beni-

363 3585 453 3658 gnus
468 3563 635 3662 princeps
651 3562 873 3650 exhibuerat,
885 3562 987 3635 nullo
1000 3577 1119 3635 tamen
1134 3585 1281 3661 prorsus
1295 3560 1429 3661 abipso

362 3692 510 3778 perante
525 3677 645 3752 officio
666 3695 879 3780 praeventus.

362 3859 364 3865 .
412 3795 570 3892 Contigit
588 3810 709 3868 autem
734 3810 771 3868 et
789 3795 886 3869 aliud
910 3795 1006 3869 unde
1027 3794 1135 3867 etiarn
1151 3792 1247 3868 idem
1268 3797 1431 3891 Burgun-

404 4015 434 4071 l.
457 4013 586 4092 Georges
606 4009 780 4072 chastellain
797 4011 907 4090 (partie
923 4013 953 4086 1,
973 4010 1019 4069 cb.
1042 4015 1125 4083 xxm)
1142 4009 1192 4069 fait
1208 4023 1341 4070 ressortrr
1359 4029 1431 4070 avec

364 4101 516 4180 beaucoup
530 4101 567 4161 de
579 4100 705 4161 vivacite
717 4099 924 4160 t’indtscruion
937 4100 989 4160 des
1002 4097 1160 4160 demandes
1174 4099 1322 4160 adressees
1335 4119 1372 4158 au
1387 4099 1431 4158 roi

365 4192 483 4271 perdes
502 4192 613 4272 le‘gious
631 4191 671 4252 de
685 4190 856 4252 solliciteurs
868 4192 919 4270 qui
933 4191 1040 4250 etaient
1051 4209 1145 4250 renus
1158 4189 1198 4250 du
1213 4189 1339 4248 Brabant
1352 4201 1380 4248 et
1394 4189 1430 4246 de

366 4278 395 4340 lu
409 4279 544 4341 Flandre.
562 4279 637 4342 C’est
654 4280 748 4360 plutbt
762 4280 790 4339 ll
804 4279 831 4338 le
844 4279 929 4339 motii
940 4279 977 4339 de
993 4279 1022 4340 la
1040 4279 1158 4340 defense
1172 4278 1240 4340 faite
1254 4297 1307 4360 par
1319 4280 1347 4336 le
1360 4277 1428 4337 due.
