<?xml version="1.0" encoding="UTF-8"?>
<!DOCTYPE html PUBLIC "-//W3C//DTD XHTML 1.0 Transitional//EN"
    "http://www.w3.org/TR/xhtml1/DTD/xhtml1-transitional.dtd">
<html xmlns="http://www.w3.org/1999/xhtml" xml:lang="en" lang="en">
 <head>
  <title>
</title>
<meta http-equiv="Content-Type" content="text/html;charset=utf-8" />
  <meta name='ocr-system' content='tesseract 3.04.00' />
  <meta name='ocr-capabilities' content='ocr_page ocr_carea ocr_par ocr_line ocrx_word'/>
</head>
<body>
  <div class='ocr_page' id='page_1' title='image "./histoiredesrgne02amelgoog_0538.png"; bbox 0 0 3322 5172; ppageno 0'>
   <div class='ocr_carea' id='block_1_1' title="bbox 583 599 1259 672">
    <p class='ocr_par' dir='ltr' id='par_1_1' title="bbox 583 599 1259 672">
     <span class='ocr_line' id='line_1_1' title="bbox 583 599 1259 672; baseline 0.003 -16"><span class='ocrx_word' id='word_1_1' title='bbox 583 599 693 656; x_wconf 81' lang='lat' dir='ltr'><strong>uum</strong></span> <span class='ocrx_word' id='word_1_2' title='bbox 716 599 887 672; x_wconf 80' lang='lat' dir='ltr'><strong>orturus.</strong></span> <span class='ocrx_word' id='word_1_3' title='bbox 1202 602 1259 660; x_wconf 81' lang='lat' dir='ltr'><strong>aar</strong></span> 
     </span>
    </p>
   </div>
   <div class='ocr_carea' id='block_1_2' title="bbox 205 727 1270 2215">
    <p class='ocr_par' dir='ltr' id='par_1_2' title="bbox 208 727 1262 1148">
     <span class='ocr_line' id='line_1_2' title="bbox 208 727 1262 828; baseline 0.004 -28"><span class='ocrx_word' id='word_1_4' title='bbox 208 727 326 827; x_wconf 92' lang='lat' dir='ltr'><strong>potiti,</strong></span> <span class='ocrx_word' id='word_1_5' title='bbox 345 753 437 826; x_wconf 86' lang='lat' dir='ltr'><strong>qnae,</strong></span> <span class='ocrx_word' id='word_1_6' title='bbox 455 741 495 800; x_wconf 92' lang='lat' dir='ltr'><strong>ut</strong></span> <span class='ocrx_word' id='word_1_7' title='bbox 511 727 678 820; x_wconf 83' lang='lat' dir='ltr'>diximus,</span> <span class='ocrx_word' id='word_1_8' title='bbox 696 753 824 826; x_wconf 82' lang='lat' dir='ltr'><strong>magna</strong></span> <span class='ocrx_word' id='word_1_9' title='bbox 846 743 882 802; x_wconf 88' lang='lat' dir='ltr'><strong>et</strong></span> <span class='ocrx_word' id='word_1_10' title='bbox 903 728 1172 828; x_wconf 79' lang='lat' dir='ltr'><strong>opulentissima</strong></span> <span class='ocrx_word' id='word_1_11' title='bbox 1187 729 1262 804; x_wconf 88' lang='lat' dir='ltr'><strong>sne·</strong></span> 
     </span>
     <span class='ocr_line' id='line_1_3' title="bbox 209 844 1262 946; baseline 0.004 -30"><span class='ocrx_word' id='word_1_12' title='bbox 209 859 276 938; x_wconf 88' lang='lat' dir='ltr'><strong>rat,</strong></span> <span class='ocrx_word' id='word_1_13' title='bbox 294 845 387 918; x_wconf 90' lang='lat' dir='ltr'><strong>intra</strong></span> <span class='ocrx_word' id='word_1_14' title='bbox 402 845 530 917; x_wconf 86' lang='lat' dir='ltr'><strong>limites</strong></span> <span class='ocrx_word' id='word_1_15' title='bbox 546 870 631 918; x_wconf 91' lang='lat' dir='ltr'><strong>suos</strong></span> <span class='ocrx_word' id='word_1_16' title='bbox 646 844 781 936; x_wconf 89' lang='lat' dir='ltr'><strong>hostes,</strong></span> <span class='ocrx_word' id='word_1_17' title='bbox 802 846 906 919; x_wconf 89' lang='lat' dir='ltr'><strong>siens</strong></span> <span class='ocrx_word' id='word_1_18' title='bbox 926 845 1015 918; x_wconf 85' lang='lat' dir='ltr'><strong>sorte</strong></span> <span class='ocrx_word' id='word_1_19' title='bbox 1029 845 1262 946; x_wconf 84' lang='lat' dir='ltr'><strong>ingrederen-</strong></span> 
     </span>
     <span class='ocr_line' id='line_1_4' title="bbox 209 961 1262 1061; baseline 0.005 -30"><span class='ocrx_word' id='word_1_20' title='bbox 209 973 279 1052; x_wconf 90' lang='lat' dir='ltr'><strong>tur,</strong></span> <span class='ocrx_word' id='word_1_21' title='bbox 309 976 441 1043; x_wconf 88' lang='lat' dir='ltr'><strong>temere</strong></span> <span class='ocrx_word' id='word_1_22' title='bbox 465 961 550 1033; x_wconf 91' lang='lat' dir='ltr'><strong>inde</strong></span> <span class='ocrx_word' id='word_1_23' title='bbox 566 961 764 1061; x_wconf 86' lang='lat' dir='ltr'><strong>irrumpere</strong></span> <span class='ocrx_word' id='word_1_24' title='bbox 790 963 848 1034; x_wconf 84' lang='lat' dir='ltr'><strong>vel</strong></span> <span class='ocrx_word' id='word_1_25' title='bbox 868 963 964 1036; x_wconf 81' lang='lat' dir='ltr'><strong>exire</strong></span> <span class='ocrx_word' id='word_1_26' title='bbox 988 987 1063 1038; x_wconf 90' lang='lat' dir='ltr'><strong>uon</strong></span> <span class='ocrx_word' id='word_1_27' title='bbox 1087 977 1262 1040; x_wconf 85' lang='lat' dir='ltr'><strong>attentan-</strong></span> 
     </span>
     <span class='ocr_line' id='line_1_5' title="bbox 209 1078 342 1148; baseline 0.015 -2"><span class='ocrx_word' id='word_1_28' title='bbox 209 1078 342 1148; x_wconf 89' lang='lat' dir='ltr'><strong>tes....¹</strong></span> 
     </span>
    </p>

    <p class='ocr_par' dir='ltr' id='par_1_3' title="bbox 205 1191 1270 2215">
     <span class='ocr_line' id='line_1_6' title="bbox 256 1191 1266 1290; baseline 0.005 -28"><span class='ocrx_word' id='word_1_29' title='bbox 256 1191 366 1286; x_wconf 84' lang='lat' dir='ltr'><strong>Igitur</strong></span> <span class='ocrx_word' id='word_1_30' title='bbox 397 1191 591 1263; x_wconf 87' lang='lat' dir='ltr'><strong>instaurato</strong></span> <span class='ocrx_word' id='word_1_31' title='bbox 627 1191 701 1264; x_wconf 88' lang='lat' dir='ltr'><strong>dux</strong></span> <span class='ocrx_word' id='word_1_32' title='bbox 733 1208 770 1266; x_wconf 92' lang='lat' dir='ltr'><strong>et</strong></span> <span class='ocrx_word' id='word_1_33' title='bbox 799 1206 988 1290; x_wconf 83' lang='lat' dir='ltr'><strong>aggregato</strong></span> <span class='ocrx_word' id='word_1_34' title='bbox 1019 1195 1266 1268; x_wconf 81' lang='lat' dir='ltr'><strong>numerosiore</strong></span> 
     </span>
     <span class='ocr_line' id='line_1_7' title="bbox 208 1307 1267 1409; baseline 0.004 -31"><span class='ocrx_word' id='word_1_35' title='bbox 208 1329 318 1405; x_wconf 87' lang='lat' dir='ltr'><strong>quam</strong></span> <span class='ocrx_word' id='word_1_36' title='bbox 337 1307 436 1405; x_wconf 88' lang='lat' dir='ltr'><strong>prius</strong></span> <span class='ocrx_word' id='word_1_37' title='bbox 457 1307 628 1398; x_wconf 83' lang='lat' dir='ltr'><strong>exercitu,</strong></span> <span class='ocrx_word' id='word_1_38' title='bbox 647 1321 684 1380; x_wconf 90' lang='lat' dir='ltr'><strong>et</strong></span> <span class='ocrx_word' id='word_1_39' title='bbox 706 1333 781 1380; x_wconf 92' lang='lat' dir='ltr'><strong>non</strong></span> <span class='ocrx_word' id='word_1_40' title='bbox 805 1309 972 1382; x_wconf 86' lang='lat' dir='ltr'><strong>inferiore</strong></span> <span class='ocrx_word' id='word_1_41' title='bbox 992 1308 1078 1382; x_wconf 88' lang='lat' dir='ltr'><strong>belii</strong></span> <span class='ocrx_word' id='word_1_42' title='bbox 1094 1324 1267 1409; x_wconf 84' lang='lat' dir='ltr'><strong>apparatu</strong></span> 
     </span>
     <span class='ocr_line' id='line_1_8' title="bbox 208 1420 1267 1522; baseline 0.004 -30"><span class='ocrx_word' id='word_1_43' title='bbox 208 1433 439 1516; x_wconf 90' lang='lat' dir='ltr'><strong>eteurruum,</strong></span> <span class='ocrx_word' id='word_1_44' title='bbox 456 1421 577 1494; x_wconf 88' lang='lat' dir='ltr'><strong>castris</strong></span> <span class='ocrx_word' id='word_1_45' title='bbox 586 1420 821 1512; x_wconf 70' lang='lat' dir='ltr'><strong>reaedificatis,</strong></span> <span class='ocrx_word' id='word_1_46' title='bbox 830 1422 1058 1496; x_wconf 87' lang='lat' dir='ltr'><strong>inardescens</strong></span> <span class='ocrx_word' id='word_1_47' title='bbox 1073 1424 1267 1522; x_wconf 87' lang='lat' dir='ltr'><strong>cupiditate</strong></span> 
     </span>
     <span class='ocr_line' id='line_1_9' title="bbox 207 1534 1269 1634; baseline 0.002 -28"><span class='ocrx_word' id='word_1_48' title='bbox 207 1534 402 1608; x_wconf 88' lang='lat' dir='ltr'><strong>ulciscendi</strong></span> <span class='ocrx_word' id='word_1_49' title='bbox 412 1548 592 1633; x_wconf 88' lang='lat' dir='ltr'><strong>susceptas</strong></span> <span class='ocrx_word' id='word_1_50' title='bbox 603 1536 781 1634; x_wconf 85' lang='lat' dir='ltr'><strong>perprius¹</strong></span> <span class='ocrx_word' id='word_1_51' title='bbox 792 1535 939 1633; x_wconf 86' lang='lat' dir='ltr'><strong>injurias</strong></span> <span class='ocrx_word' id='word_1_52' title='bbox 953 1553 988 1610; x_wconf 89' lang='lat' dir='ltr'><strong>et</strong></span> <span class='ocrx_word' id='word_1_53' title='bbox 997 1537 1145 1633; x_wconf 88' lang='lat' dir='ltr'><strong>damna,</strong></span> <span class='ocrx_word' id='word_1_54' title='bbox 1156 1537 1269 1610; x_wconf 86' lang='lat' dir='ltr'><strong>movit</strong></span> 
     </span>
     <span class='ocr_line' id='line_1_10' title="bbox 207 1651 1268 1750; baseline 0.003 -27"><span class='ocrx_word' id='word_1_55' title='bbox 207 1675 251 1724; x_wconf 86' lang='lat' dir='ltr'><strong>ex</strong></span> <span class='ocrx_word' id='word_1_56' title='bbox 289 1655 493 1744; x_wconf 76' lang='lat' dir='ltr'><strong>lemanna,</strong></span> <span class='ocrx_word' id='word_1_57' title='bbox 535 1663 570 1723; x_wconf 94' lang='lat' dir='ltr'><strong>et</strong></span> <span class='ocrx_word' id='word_1_58' title='bbox 606 1664 720 1725; x_wconf 84' lang='lat' dir='ltr'><strong>castra</strong></span> <span class='ocrx_word' id='word_1_59' title='bbox 751 1651 922 1723; x_wconf 86' lang='lat' dir='ltr'><strong>adversus</strong></span> <span class='ocrx_word' id='word_1_60' title='bbox 953 1653 1137 1727; x_wconf 90' lang='lat' dir='ltr'><strong>castellum</strong></span> <span class='ocrx_word' id='word_1_61' title='bbox 1167 1653 1268 1750; x_wconf 88' lang='lat' dir='ltr'><strong>quod</strong></span> 
     </span>
     <span class='ocr_line' id='line_1_11' title="bbox 208 1764 1268 1864; baseline 0.004 -28"><span class='ocrx_word' id='word_1_62' title='bbox 208 1768 348 1837; x_wconf 80' lang='lat' dir='ltr'><strong>Morat³</strong></span> <span class='ocrx_word' id='word_1_63' title='bbox 375 1765 587 1864; x_wconf 89' lang='lat' dir='ltr'><strong>appellatur,</strong></span> <span class='ocrx_word' id='word_1_64' title='bbox 616 1766 654 1837; x_wconf 92' lang='lat' dir='ltr'><strong>in</strong></span> <span class='ocrx_word' id='word_1_65' title='bbox 680 1764 813 1839; x_wconf 82' lang='lat' dir='ltr'><strong>finibus</strong></span> <span class='ocrx_word' id='word_1_66' title='bbox 837 1768 1004 1840; x_wconf 86' lang='lat' dir='ltr'><strong>extremis</strong></span> <span class='ocrx_word' id='word_1_67' title='bbox 1030 1768 1268 1857; x_wconf 91' lang='lat' dir='ltr'><strong>Suitensium,</strong></span> 
     </span>
     <span class='ocr_line' id='line_1_12' title="bbox 206 1880 1270 1980; baseline 0.003 -26"><span class='ocrx_word' id='word_1_68' title='bbox 206 1880 362 1956; x_wconf 87' lang='lat' dir='ltr'><strong>metatus</strong></span> <span class='ocrx_word' id='word_1_69' title='bbox 380 1896 445 1954; x_wconf 89' lang='lat' dir='ltr'><strong>est.</strong></span> <span class='ocrx_word' id='word_1_70' title='bbox 465 1885 527 1954; x_wconf 88' lang='lat' dir='ltr'><strong>Est</strong></span> <span class='ocrx_word' id='word_1_71' title='bbox 543 1881 690 1979; x_wconf 88' lang='lat' dir='ltr'><strong>quidem</strong></span> <span class='ocrx_word' id='word_1_72' title='bbox 704 1881 957 1980; x_wconf 86' lang='lat' dir='ltr'><strong>hujuscemodi</strong></span> <span class='ocrx_word' id='word_1_73' title='bbox 972 1883 1085 1976; x_wconf 90' lang='lat' dir='ltr'><strong>locus,</strong></span> <span class='ocrx_word' id='word_1_74' title='bbox 1101 1882 1158 1954; x_wconf 91' lang='lat' dir='ltr'><strong>vel</strong></span> <span class='ocrx_word' id='word_1_75' title='bbox 1170 1883 1270 1956; x_wconf 85' lang='lat' dir='ltr'><strong>vicus</strong></span> 
     </span>
     <span class='ocr_line' id='line_1_13' title="bbox 205 1992 1267 2099; baseline -0.001 -28"><span class='ocrx_word' id='word_1_76' title='bbox 205 1998 264 2071; x_wconf 90' lang='lat' dir='ltr'><strong>vel</strong></span> <span class='ocrx_word' id='word_1_77' title='bbox 280 1998 485 2092; x_wconf 86' lang='lat' dir='ltr'><strong>castellum,</strong></span> <span class='ocrx_word' id='word_1_78' title='bbox 512 1998 632 2096; x_wconf 89' lang='lat' dir='ltr'><strong>potius</strong></span> <span class='ocrx_word' id='word_1_79' title='bbox 656 1992 768 2096; x_wconf 86' lang='lat' dir='ltr'><strong>quam</strong></span> <span class='ocrx_word' id='word_1_80' title='bbox 790 1997 980 2098; x_wconf 90' lang='lat' dir='ltr'><strong>oppidum,</strong></span> <span class='ocrx_word' id='word_1_81' title='bbox 1002 1997 1267 2099; x_wconf 58' lang='lat' dir='ltr'><strong>nominandum</strong></span> 
     </span>
     <span class='ocr_line' id='line_1_14' title="bbox 205 2113 1266 2215; baseline 0.001 -30"><span class='ocrx_word' id='word_1_82' title='bbox 205 2138 282 2186; x_wconf 90' lang='lat' dir='ltr'><strong>non</strong></span> <span class='ocrx_word' id='word_1_83' title='bbox 306 2115 404 2187; x_wconf 89' lang='lat' dir='ltr'><strong>enim</strong></span> <span class='ocrx_word' id='word_1_84' title='bbox 427 2129 594 2215; x_wconf 87' lang='lat' dir='ltr'><strong>putamus</strong></span> <span class='ocrx_word' id='word_1_85' title='bbox 627 2113 699 2187; x_wconf 90' lang='lat' dir='ltr'><strong>illic</strong></span> <span class='ocrx_word' id='word_1_86' title='bbox 723 2129 900 2189; x_wconf 89' lang='lat' dir='ltr'><strong>trecentas</strong></span> <span class='ocrx_word' id='word_1_87' title='bbox 926 2114 1056 2188; x_wconf 89' lang='lat' dir='ltr'><strong>domos</strong></span> <span class='ocrx_word' id='word_1_88' title='bbox 1087 2114 1266 2188; x_wconf 82' lang='lat' dir='ltr'><strong>exsistere.</strong></span> 
     </span>
    </p>
   </div>
   <div class='ocr_carea' id='block_1_3' title="bbox 74 2220 1271 2320">
    <p class='ocr_par' dir='ltr' id='par_1_4' title="bbox 74 2220 1271 2320">
     <span class='ocr_line' id='line_1_15' title="bbox 74 2220 1271 2320; baseline -0.004 -23"><span class='ocrx_word' id='word_1_89' title='bbox 74 2265 78 2274; x_wconf 95' lang='lat'>·</span> <span class='ocrx_word' id='word_1_90' title='bbox 205 2224 317 2314; x_wconf 89' lang='lat' dir='ltr'><strong>Quod</strong></span> <span class='ocrx_word' id='word_1_91' title='bbox 341 2249 425 2296; x_wconf 88' lang='lat' dir='ltr'><strong>cum</strong></span> <span class='ocrx_word' id='word_1_92' title='bbox 456 2221 644 2295; x_wconf 86' lang='lat' dir='ltr'><strong>obsidione</strong></span> <span class='ocrx_word' id='word_1_93' title='bbox 664 2220 871 2320; x_wconf 84' lang='lat' dir='ltr'><strong>aliquandiu</strong></span> <span class='ocrx_word' id='word_1_94' title='bbox 896 2222 1099 2318; x_wconf 82' lang='lat' dir='ltr'><strong>fatigasset,</strong></span> <span class='ocrx_word' id='word_1_95' title='bbox 1130 2221 1271 2292; x_wconf 89' lang='lat' dir='ltr'><strong>Suiten·</strong></span> 
     </span>
    </p>
   </div>
   <div class='ocr_carea' id='block_1_4' title="bbox 202 2335 1272 3612">
    <p class='ocr_par' dir='ltr' id='par_1_5' title="bbox 202 2335 1272 3486">
     <span class='ocr_line' id='line_1_16' title="bbox 204 2335 1271 2437; baseline -0.004 -25"><span class='ocrx_word' id='word_1_96' title='bbox 204 2364 275 2431; x_wconf 89' lang='lat' dir='ltr'><strong>ses,</strong></span> <span class='ocrx_word' id='word_1_97' title='bbox 291 2340 390 2436; x_wconf 82' lang='lat' dir='ltr'><strong>juxta</strong></span> <span class='ocrx_word' id='word_1_98' title='bbox 401 2339 503 2437; x_wconf 91' lang='lat' dir='ltr'><strong>quod</strong></span> <span class='ocrx_word' id='word_1_99' title='bbox 519 2339 585 2437; x_wconf 89' lang='lat' dir='ltr'><strong>ipsi</strong></span> <span class='ocrx_word' id='word_1_100' title='bbox 601 2336 752 2410; x_wconf 89' lang='lat' dir='ltr'><strong>obsessis</strong></span> <span class='ocrx_word' id='word_1_101' title='bbox 765 2337 916 2437; x_wconf 88' lang='lat' dir='ltr'><strong>polliciti</strong></span> <span class='ocrx_word' id='word_1_102' title='bbox 930 2336 1082 2429; x_wconf 85' lang='lat' dir='ltr'><strong>lucrant,</strong></span> <span class='ocrx_word' id='word_1_103' title='bbox 1098 2335 1145 2408; x_wconf 91' lang='lat' dir='ltr'><strong>ad</strong></span> <span class='ocrx_word' id='word_1_104' title='bbox 1160 2336 1271 2408; x_wconf 91' lang='lat' dir='ltr'><strong>seren·</strong></span> 
     </span>
     <span class='ocr_line' id='line_1_17' title="bbox 203 2451 1272 2550; baseline -0.006 -22"><span class='ocrx_word' id='word_1_105' title='bbox 203 2455 295 2528; x_wconf 89' lang='lat' dir='ltr'><strong>dnm</strong></span> <span class='ocrx_word' id='word_1_106' title='bbox 324 2455 448 2528; x_wconf 90' lang='lat' dir='ltr'><strong>solatia</strong></span> <span class='ocrx_word' id='word_1_107' title='bbox 464 2468 500 2526; x_wconf 91' lang='lat' dir='ltr'><strong>et</strong></span> <span class='ocrx_word' id='word_1_108' title='bbox 515 2477 738 2547; x_wconf 88' lang='lat' dir='ltr'><strong>succursum,</strong></span> <span class='ocrx_word' id='word_1_109' title='bbox 760 2476 878 2550; x_wconf 90' lang='lat' dir='ltr'><strong>neque</strong></span> <span class='ocrx_word' id='word_1_110' title='bbox 894 2452 1063 2550; x_wconf 91' lang='lat' dir='ltr'><strong>promissi</strong></span> <span class='ocrx_word' id='word_1_111' title='bbox 1083 2451 1272 2526; x_wconf 89' lang='lat' dir='ltr'><strong>immemo-</strong></span> 
     </span>
     <span class='ocr_line' id='line_1_18' title="bbox 202 2566 1271 2666; baseline -0.006 -22"><span class='ocrx_word' id='word_1_112' title='bbox 202 2595 278 2665; x_wconf 89' lang='lat' dir='ltr'><strong>res,</strong></span> <span class='ocrx_word' id='word_1_113' title='bbox 296 2594 363 2642; x_wconf 91' lang='lat' dir='ltr'><strong>nec</strong></span> <span class='ocrx_word' id='word_1_114' title='bbox 385 2569 432 2642; x_wconf 88' lang='lat' dir='ltr'><strong>ad</strong></span> <span class='ocrx_word' id='word_1_115' title='bbox 448 2570 714 2666; x_wconf 81' lang='lat' dir='ltr'><strong>exsequendum</strong></span> <span class='ocrx_word' id='word_1_116' title='bbox 736 2593 863 2666; x_wconf 87' lang='lat' dir='ltr'><strong>segnes</strong></span> <span class='ocrx_word' id='word_1_117' title='bbox 880 2566 1113 2666; x_wconf 88' lang='lat' dir='ltr'><strong>obtorpuere.</strong></span> <span class='ocrx_word' id='word_1_118' title='bbox 1133 2567 1202 2639; x_wconf 89' lang='lat' dir='ltr'><strong>Sed</strong></span> <span class='ocrx_word' id='word_1_119' title='bbox 1228 2592 1271 2639; x_wconf 85' lang='lat' dir='ltr'><strong>ex</strong></span> 
     </span>
     <span class='ocr_line' id='line_1_19' title="bbox 204 2685 1270 2780; baseline -0.004 -17"><span class='ocrx_word' id='word_1_120' title='bbox 204 2689 310 2763; x_wconf 87' lang='lat' dir='ltr'><strong>terris</strong></span> <span class='ocrx_word' id='word_1_121' title='bbox 326 2689 398 2760; x_wconf 90' lang='lat' dir='ltr'><strong>suis</strong></span> <span class='ocrx_word' id='word_1_122' title='bbox 410 2687 559 2762; x_wconf 88' lang='lat' dir='ltr'><strong>collecta</strong></span> <span class='ocrx_word' id='word_1_123' title='bbox 573 2687 690 2760; x_wconf 87' lang='lat' dir='ltr'><strong>valida</strong></span> <span class='ocrx_word' id='word_1_124' title='bbox 706 2710 816 2780; x_wconf 75' lang='lat' dir='ltr'><strong>manu</strong></span> <span class='ocrx_word' id='word_1_125' title='bbox 836 2712 919 2760; x_wconf 92' lang='lat' dir='ltr'><strong>cum</strong></span> <span class='ocrx_word' id='word_1_126' title='bbox 933 2711 975 2759; x_wconf 82' lang='lat' dir='ltr'><strong>ex</strong></span> <span class='ocrx_word' id='word_1_127' title='bbox 994 2685 1184 2780; x_wconf 71' lang='lat' dir='ltr'><strong>studeretis,</strong></span> <span class='ocrx_word' id='word_1_128' title='bbox 1198 2700 1270 2759; x_wconf 89' lang='lat' dir='ltr'><strong>tam</strong></span> 
     </span>
     <span class='ocr_line' id='line_1_20' title="bbox 208 2787 1269 2901; baseline -0.002 -23"><span class='ocrx_word' id='word_1_129' title='bbox 208 2806 353 2880; x_wconf 74' lang='lat' dir='ltr'><strong>Suevis‘</strong></span> <span class='ocrx_word' id='word_1_130' title='bbox 376 2827 486 2901; x_wconf 87' lang='lat' dir='ltr'><strong>quam</strong></span> <span class='ocrx_word' id='word_1_131' title='bbox 510 2787 788 2897; x_wconf 81' lang='lat' dir='ltr'><strong>Ferretensibus,</strong></span> <span class='ocrx_word' id='word_1_132' title='bbox 814 2818 850 2875; x_wconf 94' lang='lat' dir='ltr'><strong>et</strong></span> <span class='ocrx_word' id='word_1_133' title='bbox 878 2803 1038 2877; x_wconf 85' lang='lat' dir='ltr'><strong>finitimis</strong></span> <span class='ocrx_word' id='word_1_134' title='bbox 1067 2803 1269 2876; x_wconf 86' lang='lat' dir='ltr'><strong>civitatibus</strong></span> 
     </span>
     <span class='ocr_line' id='line_1_21' title="bbox 207 2919 1269 3019; baseline -0.001 -24"><span class='ocrx_word' id='word_1_135' title='bbox 207 2922 400 2995; x_wconf 89' lang='lat' dir='ltr'><strong>contractis</strong></span> <span class='ocrx_word' id='word_1_136' title='bbox 416 2936 452 2995; x_wconf 93' lang='lat' dir='ltr'><strong>et</strong></span> <span class='ocrx_word' id='word_1_137' title='bbox 468 2921 601 2995; x_wconf 86' lang='lat' dir='ltr'><strong>coactis</strong></span> <span class='ocrx_word' id='word_1_138' title='bbox 617 2919 755 3019; x_wconf 79' lang='lat' dir='ltr'><strong>magnis</strong></span> <span class='ocrx_word' id='word_1_139' title='bbox 769 2919 922 3010; x_wconf 84' lang='lat' dir='ltr'><strong>auxiliis,</strong></span> <span class='ocrx_word' id='word_1_140' title='bbox 938 2935 1144 2994; x_wconf 87' lang='lat' dir='ltr'><strong>constanter</strong></span> <span class='ocrx_word' id='word_1_141' title='bbox 1159 2934 1195 2991; x_wconf 90' lang='lat' dir='ltr'><strong>et</strong></span> <span class='ocrx_word' id='word_1_142' title='bbox 1209 2945 1269 2994; x_wconf 90' lang='lat' dir='ltr'><strong>au·</strong></span> 
     </span>
     <span class='ocr_line' id='line_1_22' title="bbox 208 3034 1267 3131; baseline -0.001 -21"><span class='ocrx_word' id='word_1_143' title='bbox 208 3037 330 3113; x_wconf 87' lang='lat' dir='ltr'><strong>dacter</strong></span> <span class='ocrx_word' id='word_1_144' title='bbox 344 3053 458 3112; x_wconf 89' lang='lat' dir='ltr'><strong>castra</strong></span> <span class='ocrx_word' id='word_1_145' title='bbox 470 3061 545 3131; x_wconf 89' lang='lat' dir='ltr'><strong>sua,</strong></span> <span class='ocrx_word' id='word_1_146' title='bbox 566 3035 612 3108; x_wconf 87' lang='lat' dir='ltr'><strong>ad</strong></span> <span class='ocrx_word' id='word_1_147' title='bbox 626 3035 788 3108; x_wconf 87' lang='lat' dir='ltr'><strong>medium</strong></span> <span class='ocrx_word' id='word_1_148' title='bbox 802 3034 951 3108; x_wconf 86' lang='lat' dir='ltr'><strong>milliare</strong></span> <span class='ocrx_word' id='word_1_149' title='bbox 966 3036 1206 3108; x_wconf 80' lang='lat' dir='ltr'><strong>teutonicum⁸</strong></span> <span class='ocrx_word' id='word_1_150' title='bbox 1221 3034 1267 3109; x_wconf 88' lang='lat' dir='ltr'><strong>de</strong></span> 
     </span>
     <span class='ocr_line' id='line_1_23' title="bbox 209 3151 1267 3252; baseline -0.003 -24"><span class='ocrx_word' id='word_1_151' title='bbox 209 3157 331 3228; x_wconf 86' lang='lat' dir='ltr'><strong>castris</strong></span> <span class='ocrx_word' id='word_1_152' title='bbox 347 3153 534 3228; x_wconf 89' lang='lat' dir='ltr'><strong>hostilibus</strong></span> <span class='ocrx_word' id='word_1_153' title='bbox 551 3151 768 3228; x_wconf 88' lang='lat' dir='ltr'><strong>locaverant.</strong></span> <span class='ocrx_word' id='word_1_154' title='bbox 801 3157 855 3224; x_wconf 89' lang='lat' dir='ltr'><strong>Ita</strong></span> <span class='ocrx_word' id='word_1_155' title='bbox 878 3152 1025 3250; x_wconf 90' lang='lat' dir='ltr'><strong>quidem</strong></span> <span class='ocrx_word' id='word_1_156' title='bbox 1041 3177 1156 3252; x_wconf 91' lang='lat' dir='ltr'><strong>prope</strong></span> <span class='ocrx_word' id='word_1_157' title='bbox 1178 3153 1267 3225; x_wconf 65' lang='lat' dir='ltr'><strong>inviss</strong></span> 
     </span>
     <span class='ocr_line' id='line_1_24' title="bbox 208 3268 1267 3364; baseline 0 -20"><span class='ocrx_word' id='word_1_158' title='bbox 208 3296 288 3344; x_wconf 90' lang='lat' dir='ltr'><strong>cem</strong></span> <span class='ocrx_word' id='word_1_159' title='bbox 301 3270 492 3344; x_wconf 88' lang='lat' dir='ltr'><strong>amborum</strong></span> <span class='ocrx_word' id='word_1_160' title='bbox 507 3285 623 3344; x_wconf 88' lang='lat' dir='ltr'><strong>castra</strong></span> <span class='ocrx_word' id='word_1_161' title='bbox 635 3268 864 3364; x_wconf 80' lang='lat' dir='ltr'><strong>exsistebant,</strong></span> <span class='ocrx_word' id='word_1_162' title='bbox 882 3283 922 3343; x_wconf 92' lang='lat' dir='ltr'><strong>ut</strong></span> <span class='ocrx_word' id='word_1_163' title='bbox 939 3295 1014 3344; x_wconf 91' lang='lat' dir='ltr'><strong>non</strong></span> <span class='ocrx_word' id='word_1_164' title='bbox 1031 3269 1172 3342; x_wconf 86' lang='lat' dir='ltr'><strong>difficile</strong></span> <span class='ocrx_word' id='word_1_165' title='bbox 1190 3294 1267 3344; x_wconf 87' lang='lat' dir='ltr'><strong>sese</strong></span> 
     </span>
     <span class='ocr_line' id='line_1_25' title="bbox 208 3377 1223 3486; baseline -0.004 -25"><span class='ocrx_word' id='word_1_166' title='bbox 208 3387 340 3461; x_wconf 92' lang='lat' dir='ltr'><strong>intueri</strong></span> <span class='ocrx_word' id='word_1_167' title='bbox 357 3389 566 3486; x_wconf 88' lang='lat' dir='ltr'><strong>potuissent.</strong></span> <span class='ocrx_word' id='word_1_168' title='bbox 1220 3377 1223 3382; x_wconf 43' lang='lat'>¹</span> 
     </span>
    </p>

    <p class='ocr_par' dir='ltr' id='par_1_6' title="bbox 251 3528 1269 3612">
     <span class='ocr_line' id='line_1_26' title="bbox 251 3528 1269 3612; baseline 0.002 -20"><span class='ocrx_word' id='word_1_169' title='bbox 251 3535 280 3593; x_wconf 87' lang='lat' dir='ltr'><strong>l.</strong></span> <span class='ocrx_word' id='word_1_170' title='bbox 303 3535 345 3596; x_wconf 83' lang='lat' dir='ltr'><strong>La</strong></span> <span class='ocrx_word' id='word_1_171' title='bbox 358 3530 463 3612; x_wconf 87' lang='lat' dir='ltr'><strong>phrase</strong></span> <span class='ocrx_word' id='word_1_172' title='bbox 475 3540 551 3592; x_wconf 86' lang='lat' dir='ltr'><strong>reste</strong></span> <span class='ocrx_word' id='word_1_173' title='bbox 565 3528 638 3590; x_wconf 84' lang='lat' dir='ltr'><strong>ainsi</strong></span> <span class='ocrx_word' id='word_1_174' title='bbox 652 3529 828 3610; x_wconf 84' lang='lat' dir='ltr'><strong>suspendue,</strong></span> <span class='ocrx_word' id='word_1_175' title='bbox 842 3530 982 3610; x_wconf 87' lang='lat' dir='ltr'><strong>quoiqu’il</strong></span> <span class='ocrx_word' id='word_1_176' title='bbox 995 3534 1045 3610; x_wconf 78' lang='lat' dir='ltr'><strong>n&#39;y</strong></span> <span class='ocrx_word' id='word_1_177' title='bbox 1058 3529 1098 3590; x_wconf 82' lang='lat' dir='ltr'><strong>ait</strong></span> <span class='ocrx_word' id='word_1_178' title='bbox 1109 3551 1160 3612; x_wconf 83' lang='lat' dir='ltr'><strong>pas</strong></span> <span class='ocrx_word' id='word_1_179' title='bbox 1174 3532 1210 3594; x_wconf 90' lang='lat' dir='ltr'><strong>de</strong></span> <span class='ocrx_word' id='word_1_180' title='bbox 1223 3532 1269 3594; x_wconf 82' lang='lat' dir='ltr'><strong>la·</strong></span> 
     </span>
    </p>
   </div>
   <div class='ocr_carea' id='block_1_5' title="bbox 209 3620 610 3789">
    <p class='ocr_par' dir='ltr' id='par_1_7' title="bbox 209 3620 610 3789">
     <span class='ocr_line' id='line_1_27' title="bbox 209 3620 462 3684; baseline -0.02 1"><span class='ocrx_word' id='word_1_181' title='bbox 209 3641 283 3684; x_wconf 83' lang='lat' dir='ltr'><strong>cuns</strong></span> <span class='ocrx_word' id='word_1_182' title='bbox 299 3620 370 3681; x_wconf 87' lang='lat' dir='ltr'><strong>dans</strong></span> <span class='ocrx_word' id='word_1_183' title='bbox 381 3621 408 3681; x_wconf 89' lang='lat' dir='ltr'><strong>le</strong></span> <span class='ocrx_word' id='word_1_184' title='bbox 419 3639 462 3680; x_wconf 87' lang='lat' dir='ltr'><strong>ms</strong></span> 
     </span>
     <span class='ocr_line' id='line_1_28' title="bbox 249 3709 610 3789; baseline -0.017 -16"><span class='ocrx_word' id='word_1_185' title='bbox 249 3715 280 3774; x_wconf 75' lang='lat'><strong>2.</strong></span> <span class='ocrx_word' id='word_1_186' title='bbox 302 3717 409 3789; x_wconf 73' lang='lat' dir='ltr'><strong>Sepias</strong></span> <span class='ocrx_word' id='word_1_187' title='bbox 423 3709 495 3769; x_wconf 87' lang='lat' dir='ltr'><strong>dans</strong></span> <span class='ocrx_word' id='word_1_188' title='bbox 511 3710 540 3769; x_wconf 88' lang='lat' dir='ltr'><strong>le</strong></span> <span class='ocrx_word' id='word_1_189' title='bbox 555 3728 610 3767; x_wconf 93' lang='lat' dir='ltr'><strong>ms.</strong></span> 
     </span>
    </p>
   </div>
   <div class='ocr_carea' id='block_1_6' title="bbox 252 3795 1399 3876">
    <p class='ocr_par' dir='ltr' id='par_1_8' title="bbox 252 3795 1399 3876">
     <span class='ocr_line' id='line_1_29' title="bbox 252 3795 1399 3876; baseline -0.01 -13"><span class='ocrx_word' id='word_1_190' title='bbox 252 3807 282 3864; x_wconf 80' lang='lat'><strong>3.</strong></span> <span class='ocrx_word' id='word_1_191' title='bbox 303 3806 342 3863; x_wconf 83' lang='lat' dir='ltr'><strong>Co</strong></span> <span class='ocrx_word' id='word_1_192' title='bbox 360 3801 497 3874; x_wconf 72' lang='lat' dir='ltr'><strong>chateau,</strong></span> <span class='ocrx_word' id='word_1_193' title='bbox 513 3797 587 3860; x_wconf 77' lang='lat' dir='ltr'><strong>sitne</strong></span> <span class='ocrx_word' id='word_1_194' title='bbox 602 3817 652 3857; x_wconf 89' lang='lat' dir='ltr'><strong>sur</strong></span> <span class='ocrx_word' id='word_1_195' title='bbox 664 3796 694 3857; x_wconf 88' lang='lat' dir='ltr'><strong>le</strong></span> <span class='ocrx_word' id='word_1_196' title='bbox 712 3795 810 3856; x_wconf 87' lang='lat' dir='ltr'><strong>laede</strong></span> <span class='ocrx_word' id='word_1_197' title='bbox 828 3796 1010 3873; x_wconf 75' lang='lat' dir='ltr'><strong>Neulchltel,</strong></span> <span class='ocrx_word' id='word_1_198' title='bbox 1031 3795 1211 3876; x_wconf 84' lang='lat' dir='ltr'><strong>appartenait</strong></span> <span class='ocrx_word' id='word_1_199' title='bbox 1230 3813 1269 3854; x_wconf 78' lang='lat' dir='ltr'><strong>sn</strong></span> <span class='ocrx_word' id='word_1_200' title='bbox 1391 3830 1399 3852; x_wconf 80' lang='lat'><strong>.</strong></span> 
     </span>
    </p>
   </div>
   <div class='ocr_carea' id='block_1_7' title="bbox 210 3887 1285 4330">
    <p class='ocr_par' dir='ltr' id='par_1_9' title="bbox 210 3887 1285 4059">
     <span class='ocr_line' id='line_1_30' title="bbox 210 3887 1285 3970; baseline -0.006 -17"><span class='ocrx_word' id='word_1_201' title='bbox 210 3907 304 3954; x_wconf 86' lang='lat' dir='ltr'><strong>comte</strong></span> <span class='ocrx_word' id='word_1_202' title='bbox 317 3893 354 3953; x_wconf 91' lang='lat' dir='ltr'><strong>de</strong></span> <span class='ocrx_word' id='word_1_203' title='bbox 366 3897 502 3967; x_wconf 83' lang='lat' dir='ltr'><strong>Romont,</strong></span> <span class='ocrx_word' id='word_1_204' title='bbox 515 3892 588 3950; x_wconf 87' lang='lat' dir='ltr'><strong>mais</strong></span> <span class='ocrx_word' id='word_1_205' title='bbox 600 3909 677 3970; x_wconf 88' lang='lat' dir='ltr'><strong>pour</strong></span> <span class='ocrx_word' id='word_1_206' title='bbox 690 3888 718 3947; x_wconf 94' lang='lat' dir='ltr'><strong>le</strong></span> <span class='ocrx_word' id='word_1_207' title='bbox 733 3901 861 3950; x_wconf 89' lang='lat' dir='ltr'><strong>moment</strong></span> <span class='ocrx_word' id='word_1_208' title='bbox 871 3889 893 3949; x_wconf 95' lang='lat' dir='ltr'><strong>il</strong></span> <span class='ocrx_word' id='word_1_209' title='bbox 907 3889 977 3950; x_wconf 77' lang='lat' dir='ltr'><strong>tim</strong></span> <span class='ocrx_word' id='word_1_210' title='bbox 988 3909 1097 3970; x_wconf 88' lang='lat' dir='ltr'><strong>oconpe</strong></span> <span class='ocrx_word' id='word_1_211' title='bbox 1109 3907 1163 3968; x_wconf 83' lang='lat' dir='ltr'><strong>par</strong></span> <span class='ocrx_word' id='word_1_212' title='bbox 1176 3887 1269 3948; x_wconf 76' lang='lat' dir='ltr'><strong>donae</strong></span> <span class='ocrx_word' id='word_1_213' title='bbox 1282 3908 1285 3914; x_wconf 83' lang='grc'><strong>’</strong></span> 
     </span>
     <span class='ocr_line' id='line_1_31' title="bbox 210 3976 846 4059; baseline -0.006 -15"><span class='ocrx_word' id='word_1_214' title='bbox 210 3995 290 4044; x_wconf 84' lang='lat' dir='ltr'><strong>cents</strong></span> <span class='ocrx_word' id='word_1_215' title='bbox 301 3982 433 4042; x_wconf 87' lang='lat' dir='ltr'><strong>hommes</strong></span> <span class='ocrx_word' id='word_1_216' title='bbox 446 3980 483 4041; x_wconf 89' lang='lat' dir='ltr'><strong>de</strong></span> <span class='ocrx_word' id='word_1_217' title='bbox 495 3985 589 4042; x_wconf 87' lang='lat' dir='ltr'><strong>Berue</strong></span> <span class='ocrx_word' id='word_1_218' title='bbox 602 3991 631 4040; x_wconf 93' lang='lat' dir='ltr'><strong>et</strong></span> <span class='ocrx_word' id='word_1_219' title='bbox 644 3977 680 4039; x_wconf 93' lang='lat' dir='ltr'><strong>de</strong></span> <span class='ocrx_word' id='word_1_220' title='bbox 692 3976 846 4059; x_wconf 80' lang='lat' dir='ltr'><strong>Fribourg.</strong></span> 
     </span>
    </p>

    <p class='ocr_par' dir='ltr' id='par_1_10' title="bbox 252 4069 618 4133">
     <span class='ocr_line' id='line_1_32' title="bbox 252 4069 618 4133; baseline -0.011 -1"><span class='ocrx_word' id='word_1_221' title='bbox 252 4077 282 4133; x_wconf 79' lang='grc'><strong>4.</strong></span> <span class='ocrx_word' id='word_1_222' title='bbox 304 4073 384 4132; x_wconf 84' lang='lat' dir='ltr'><strong>Ceux</strong></span> <span class='ocrx_word' id='word_1_223' title='bbox 397 4072 434 4131; x_wconf 89' lang='lat' dir='ltr'><strong>de</strong></span> <span class='ocrx_word' id='word_1_224' title='bbox 449 4071 478 4131; x_wconf 84' lang='lat' dir='ltr'><strong>la</strong></span> <span class='ocrx_word' id='word_1_225' title='bbox 494 4069 618 4133; x_wconf 88' lang='lat' dir='ltr'><strong>Souabe.</strong></span> 
     </span>
    </p>

    <p class='ocr_par' dir='ltr' id='par_1_11' title="bbox 214 4155 1272 4330">
     <span class='ocr_line' id='line_1_33' title="bbox 254 4155 1270 4236; baseline -0.005 -15"><span class='ocrx_word' id='word_1_226' title='bbox 254 4167 282 4222; x_wconf 85' lang='lat' dir='ltr'><strong>tt.</strong></span> <span class='ocrx_word' id='word_1_227' title='bbox 305 4166 332 4220; x_wconf 78' lang='lat' dir='ltr'>A</span> <span class='ocrx_word' id='word_1_228' title='bbox 348 4183 362 4216; x_wconf 73' lang='grc' dir='ltr'>ι</span> <span class='ocrx_word' id='word_1_229' title='bbox 378 4181 418 4220; x_wconf 91' lang='lat' dir='ltr'><strong>un</strong></span> <span class='ocrx_word' id='word_1_230' title='bbox 432 4159 601 4221; x_wconf 89' lang='lat' dir='ltr'><strong>demi-mille</strong></span> <span class='ocrx_word' id='word_1_231' title='bbox 614 4155 769 4232; x_wconf 86' lang='lat' dir='ltr'><strong>allemand,</strong></span> <span class='ocrx_word' id='word_1_232' title='bbox 788 4181 802 4212; x_wconf 72' lang='lat' dir='ltr'><strong>s</strong></span> <span class='ocrx_word' id='word_1_233' title='bbox 816 4174 853 4216; x_wconf 87' lang='lat' dir='ltr'><strong>en</strong></span> <span class='ocrx_word' id='word_1_234' title='bbox 866 4175 906 4216; x_wconf 93' lang='lat' dir='ltr'><strong>un</strong></span> <span class='ocrx_word' id='word_1_235' title='bbox 919 4156 979 4216; x_wconf 88' lang='lat' dir='ltr'><strong>lieu</strong></span> <span class='ocrx_word' id='word_1_236' title='bbox 992 4175 1050 4236; x_wconf 85' lang='lat' dir='ltr'><strong>que</strong></span> <span class='ocrx_word' id='word_1_237' title='bbox 1063 4156 1092 4215; x_wconf 77' lang='lat' dir='ltr'><strong>la</strong></span> <span class='ocrx_word' id='word_1_238' title='bbox 1105 4155 1270 4234; x_wconf 78' lang='lat' dir='ltr'><strong>chronique</strong></span> 
     </span>
     <span class='ocr_line' id='line_1_34' title="bbox 214 4244 1272 4330; baseline -0.009 -18"><span class='ocrx_word' id='word_1_239' title='bbox 214 4251 250 4312; x_wconf 91' lang='lat' dir='ltr'><strong>de</strong></span> <span class='ocrx_word' id='word_1_240' title='bbox 267 4249 438 4313; x_wconf 76' lang='lat' dir='ltr'><strong>Ncuschdtel</strong></span> <span class='ocrx_word' id='word_1_241' title='bbox 457 4249 571 4330; x_wconf 86' lang='lat' dir='ltr'><strong>appelle</strong></span> <span class='ocrx_word' id='word_1_242' title='bbox 594 4247 747 4308; x_wconf 85' lang='lat' dir='ltr'><strong>Gnsmine.</strong></span> <span class='ocrx_word' id='word_1_243' title='bbox 766 4246 957 4308; x_wconf 69' lang='lat' dir='ltr'><strong>annotationi</strong></span> <span class='ocrx_word' id='word_1_244' title='bbox 971 4244 1010 4306; x_wconf 89' lang='lat' dir='ltr'><strong>de</strong></span> <span class='ocrx_word' id='word_1_245' title='bbox 1032 4244 1101 4306; x_wconf 80' lang='lat' dir='ltr'><strong>stlte</strong></span> <span class='ocrx_word' id='word_1_246' title='bbox 1120 4248 1272 4324; x_wconf 77' lang='lat' dir='ltr'><strong>Dupontt</strong></span> 
     </span>
    </p>
   </div>
   <div class='ocr_carea' id='block_1_8' title="bbox 214 4339 832 4416">
    <p class='ocr_par' dir='ltr' id='par_1_12' title="bbox 214 4339 832 4416">
     <span class='ocr_line' id='line_1_35' title="bbox 214 4339 832 4416; baseline -0.008 -16"><span class='ocrx_word' id='word_1_247' title='bbox 214 4361 268 4403; x_wconf 84' lang='lat' dir='ltr'><strong>son</strong></span> <span class='ocrx_word' id='word_1_248' title='bbox 283 4342 394 4404; x_wconf 77' lang='lat' dir='ltr'><strong>edition</strong></span> <span class='ocrx_word' id='word_1_249' title='bbox 405 4341 442 4404; x_wconf 90' lang='lat' dir='ltr'><strong>de</strong></span> <span class='ocrx_word' id='word_1_250' title='bbox 455 4339 627 4416; x_wconf 72' lang='lat' dir='ltr'><strong>Commissa,</strong></span> <span class='ocrx_word' id='word_1_251' title='bbox 640 4351 662 4400; x_wconf 93' lang='lat' dir='ltr'><strong>t.</strong></span> <span class='ocrx_word' id='word_1_252' title='bbox 679 4342 719 4412; x_wconf 90' lang='lat'><strong>11,</strong></span> <span class='ocrx_word' id='word_1_253' title='bbox 736 4357 767 4416; x_wconf 92' lang='lat' dir='ltr'><strong>p.</strong></span> <span class='ocrx_word' id='word_1_254' title='bbox 782 4339 832 4397; x_wconf 80' lang='lat'><strong>29.</strong></span> 
     </span>
    </p>
   </div>
   <div class='ocr_carea' id='block_1_9' title="bbox 0 0 1666 5172">
    <p class='ocr_par' dir='ltr' id='par_1_13' title="bbox 0 0 1666 5172">
     <span class='ocr_line' id='line_1_36' title="bbox 0 0 1666 5172; baseline 0 0"><span class='ocrx_word' id='word_1_255' title='bbox 0 0 1666 5172; x_wconf 95' lang='lat' dir='ltr'><strong> </strong></span> 
     </span>
    </p>
   </div>
  </div>
 </body>
</html>
