3402 5186
675 486 785 546 unta
804 487 954 546 PRIMUS.
1325 490 1343 544 tt

282 619 358 715 jam
374 615 505 690 debere
519 615 633 687 vereri
655 629 717 687 aut
743 613 953 708 formidare,
980 617 1098 688 statim
1117 616 1290 715 quidnam
1308 621 1343 692 in

286 739 361 832 ejus
377 747 480 806 antea
496 733 618 804 animo
630 730 798 822 latuisset,
812 731 927 829 palam
943 731 1058 805 lacere
1072 748 1107 805 et
1123 735 1346 808 manilestare

286 850 405 950 coepit.
437 852 525 920 Nam
553 846 599 918 ad
625 846 802 944 quosdam
827 846 979 920 militurn
1008 847 1139 940 duces,
1169 850 1230 948 qui
1256 852 1345 950 patri

285 964 466 1038 chariores
489 964 695 1036 exstiterant
718 963 861 1060 suisque
886 962 1042 1035 consiliis
1063 987 1105 1035 ac
1131 963 1346 1040 familiarita-

286 1080 382 1154 tibus
407 1079 556 1178 propius
588 1078 797 1168 adsuerant,
824 1081 949 1173 ingens
974 1078 1121 1172 odium,
1149 1081 1248 1179 quod
1279 1081 1346 1155 sub

287 1211 430 1296 pectore
445 1196 544 1294 prius
562 1207 709 1280 texerat,
727 1191 860 1265 habere
876 1193 1063 1286 indicavit3
1080 1209 1213 1268 etcum
1229 1196 1345 1270 officia

287 1313 322 1383 in
352 1335 462 1406 regno
485 1309 619 1382 nobilia
644 1309 868 1405 militumque
896 1310 1094 1408 magisteria
1119 1312 1347 1411 quamplures

286 1424 353 1497 sub
372 1439 472 1523 patre
491 1424 715 1517 habuissent,
740 1423 945 1522 habereque
969 1427 1102 1498 meritis
1126 1452 1247 1499 rerum
1269 1453 1288 1500 a
1308 1454 1346 1502 se

285 1554 428 1612 strenue
448 1564 489 1612 ac
510 1538 698 1635 magnilica
719 1565 786 1638 pro
809 1564 890 1635 rege
913 1553 949 1611 ct
970 1564 1081 1637 regno
1098 1555 1273 1638 gestarum
1291 1568 1346 1617 ra·

287 1653 503 1728 tiouahiliter
530 1655 761 1745 debuissent,
792 1679 917 1726 omnes
945 1679 1045 1754 paene
1076 1656 1149 1727 suis
1181 1656 1347 1755 spoliavit

286 1769 412 1842 officiis
427 1784 533 1868 atque
553 1770 766 1842 honoribus.
791 1770 991 1842 Nonnullos
1007 1795 1092 1843 vero
1109 1771 1171 1870 qui
1191 1771 1236 1844 ad
1262 1797 1345 1846 eum
1413 1799 1418 1814 ¹

285 1884 511 1958 salutandum
524 1883 854 1984 honorandumque
868 1885 1121 1976 adventarant,
1140 1912 1213 1959 non
1234 1887 1345 1961 modo

286 2001 407 2074 videre
425 2002 618 2090 recusavit,
648 2003 710 2074 sed
730 2001 787 2074 vel
805 2002 1085 2101 comprehensos
1105 2003 1142 2075 in
1167 2028 1345 2078 carcerem

284 2122 397 2214 misit,
415 2122 473 2200 ,vel
491 2120 537 2192 ad
553 2119 936 2219 comprehendendum
960 2120 1135 2219 deputans
1156 2122 1342 2211 satellites,

285 2238 405 2334 fugam
418 2237 574 2335 arripere
590 2238 706 2331 coegit
722 2250 758 2308 et
774 2235 938 2308 latebras.

333 2359 486 2426 Fuerant
500 2352 596 2450 apud
613 2368 751 2453 patrem
770 2377 901 2450 magno
917 2351 1060 2426 honore
1075 2352 1187 2426 habiti
1206 2355 1345 2430 domini

286 2474 409 2541 Petrus
426 2468 472 2542 de
489 2469 609 2540 Brezi¹
637 2480 672 2540 et
697 2468 872 2538 Antonius
896 2467 1192 2560 declamares,
1222 2496 1344 2546 comes

285 2585 330 2658 de
355 2587 610 2682 Dampmartin
632 2608 745 2682 prope
769 2582 919 2654 Parisios
928 2587 962 2675 ¹,
981 2569 1090 2656 duces
1112 2585 1264 2658 militum
1293 2586 1344 2662 la·

172 2747 175 2756 .
285 2704 376 2776 mosi
400 2718 436 2775 et
459 2726 615 2800 quorum
636 2702 673 2772 in
696 2701 802 2773 variis
823 2700 950 2800 praeliis
966 2700 1156 2773 adversum
1180 2702 1345 2798 Anglicos

284 2832 468 2918 comperta
485 2819 620 2917 optime
636 2831 671 2889 et
687 2816 840 2915 probata
860 2817 1001 2889 lucrant
1025 2817 1136 2888 virtus
1161 2832 1266 2915 atque
1290 2820 1343 2891 in·

284 2935 432 3008 dustria.
461 2935 562 3020 Prior
584 2947 702 3006 autem
728 2934 834 3006 etiam
859 2947 933 3004 erat
956 2929 1172 3005 senescallus
1194 2957 1344 3032 magnus

285 3043 523 3124 Normanniae.
544 3050 589 3121 Hi
604 3050 678 3122 duo
697 3050 803 3120 minis
827 3049 935 3144 hujus
956 3048 1041 3121 novi
1065 3049 1156 3146 regis
1177 3064 1213 3122 et
1233 3049 1343 3122 male·

286 3168 442 3242 volentia
457 3189 565 3264 quam
588 3191 625 3238 se
642 3166 687 3238 ad
706 3159 852 3240 eosdem
867 3165 1001 3238 habere
1022 3166 1138 3264 palam
1164 3167 1341 3256 ostendit,

286 3283 375 3357 adeo
389 3284 532 3356 luerunt
543 3281 713 3373 deterriti,
728 3298 764 3353 ut
775 3283 908 3380 lugam,
925 3281 970 3354 ad
982 3281 1224 3380 ellugiendurn
1236 3284 1346 3383 ipsius

188 3483 194 3496 ι
286 3398 543 3496 indignationis
567 3398 758 3487 saevitiam,
792 3399 948 3497 arripere
975 3411 1059 3468 sunt
1087 3399 1274 3497 compulsi.
1303 3403 1346 3472 Et
1415 3483 1418 3494 ι

286 3516 392 3589 alter⁸
414 3514 560 3612 quidem
589 3515 695 3587 etiam
720 3515 820 3612 regni
845 3514 935 3586 sines
958 3515 1126 3602 excessit3
1154 3514 1242 3588 alter
1261 3539 1345 3588 vero

284 3633 323 3704 in
342 3631 575 3723 Normannia‚
588 3631 623 3701 in
641 3631 742 3726 cujus
758 3629 1067 3702 administratione
1081 3630 1346 3730 quamplurium

325 3855 355 3910 l.
379 3848 478 3908 Pierre
495 3848 531 3908 de
548 3847 648 3920 Brdze,
664 3847 800 3926 seigneur
813 3845 849 3905 de
863 3847 889 3904 la
903 3849 1048 3920 Varrone,
1063 3869 1099 3908 en
1114 3850 1219 3923 Anjou.

324 3943 354 4000 ἓ.
381 3967 394 3994 α
409 3941 534 3998 Antoine
548 3937 584 3996 de
597 3936 779 4012 Chabanues,
790 3949 883 3996 comte
894 3936 931 3995 de
943 3939 1135 4011 Dammartiu,
1146 3939 1213 4020 pros
1222 3929 1316 4008 Parim
1331 3965 1345 3992 n

284 4051 317 4090 ce
331 4031 382 4108 qui
397 4041 518 4089 nerent
533 4048 586 4107 pas
605 4029 668 4086 dire
689 4047 746 4104 que
766 4047 800 4086 ce
822 4027 957 4107 seigneur
977 4029 1018 4088 ait
1039 4041 1200 4107 appartenu
1222 4046 1348 4106 parson

285 4120 397 4198 origine
411 4122 428 4176 a
441 4117 469 4178 la
483 4116 616 4177 noblesse
630 4115 667 4176 de
685 4115 941 4178 l'lle·de·Franee.
959 4117 985 4177 Il
1002 4118 1072 4178 e'tait
1084 4117 1124 4177 du
1137 4115 1347 4178 Bourbonnais.

331 4212 359 4268 3.
383 4207 509 4266 Antoine
524 4207 560 4266 de
573 4205 754 4266 Chahannes.

478 4323 524 4414 Ὺ
