3272 5182
573 536 682 594 LIBER
702 541 903 607 SECUNDUS.

549 841 803 914 CAPITULUM
836 845 928 914 xxi.
987 835 990 843 ’

207 1045 354 1116 Quomodo
366 1045 462 1100 milites
474 1067 506 1100 ex
517 1047 677 1116 Britouilius,
689 1067 738 1122 per
750 1067 839 1121 regem
851 1050 932 1105 locuti
943 1049 979 1106 ad
993 1048 1139 1105 custodiam
1151 1049 1271 1122 oppido·

244 1144 303 1181 rum
322 1126 455 1182 inferioris
468 1128 656 1196 Normanniae,
668 1129 874 1206 interverterunt
884 1131 1074 1203 possessionem
1089 1129 1270 1203 oppidorum,

243 1227 273 1262 ea
289 1209 379 1265 fratris
399 1208 440 1269 rui
456 1206 564 1262 nomine
574 1222 663 1264 tenere
675 1227 702 1262 ac
714 1209 830 1265 dicentes
844 1230 850 1267 :
864 1224 890 1265 et
905 1209 939 1263 de
949 1229 1043 1264 corum
1052 1211 1220 1284 expulsionc;
1233 1224 1273 1266 at·

243 1310 295 1362 que
310 1288 344 1342 de
358 1289 456 1344 ludere
473 1307 597 1363 percusso
614 1288 687 1362 apud
706 1292 838 1346 Peronam
856 1292 925 1346 iuter
941 1310 1029 1364 regem
1047 1304 1073 1345 ct
1091 1289 1187 1345 ducem
1200 1291 1270 1344 Bur·

242 1369 358 1444 gandia.

255 1561 347 1628 Cum
369 1558 486 1648 enirn,
513 1571 553 1628 ut
574 1581 681 1654 supra
704 1581 726 1630 a
749 1557 857 1629 nobis
879 1557 1030 1630 relatum
1055 1556 1206 1646 exstitit,
1234 1557 1272 1628 in

210 1670 499 1743 reconciliatione
521 1671 611 1744 lacta
629 1671 730 1744 ducis
751 1673 938 1745 Britanniae
957 1697 1043 1745 cum
1066 1696 1165 1767 rege,
1189 1694 1271 1768 per·

208 1785 359 1858 misisset
373 1810 433 1856 rex
449 1786 634 1857 Britonum
648 1787 866 1860 munitiones
879 1801 914 1860 ct
928 1787 1091 1887 praesidia
1105 1785 1269 1875 Cadomi,

209 1903 349 1999 Bajocis
365 1917 401 1974 ct
412 1903 449 1974 in
466 1902 629 2002 plurimis
648 1903 725 1974 aliis
741 1903 828 1976 locis
850 1917 957 2002 atque
975 1902 1118 2002 oppidis
1134 1915 1170 1974 et
1185 1900 1271 1972 civi·

207 2005 339 2092 tatibus
375 2019 555 2092 inferioris
591 2022 819 2092 Normauniae
853 2043 1064 2109 remanere,
1101 2032 1137 2091 et
1171 2017 1271 2117 quod

207 2161 273 2209 suo
303 2135 453 2209 nomine
478 2135 643 2207 locorum
667 2127 916 2231 hujuscemodi
948 2134 1125 2206 haberent
1151 2148 1272 2205 custo·

207 2251 301 2342 dias,
321 2265 537 2350 procurante
553 2267 662 2346 atque
677 2251 920 2323 instimulante
934 2249 1083 2342 Carclo,
1100 2273 1271 2345 germano

207 2369 315 2465 regis,
332 2366 424 2439 duce
440 2368 683 2459 Normnnniae,
705 2391 813 2464 quem
834 2367 1021 2438 Britanniae
1039 2365 1111 2436 dux
1128 2364 1273 2440 fovebat
1334 2397 1335 2400 ¹

206 2496 313 2581 atque
328 2481 543 2580 procurabat
557 2483 596 2553 in
610 2505 673 2553 sua
686 2497 781 2555 terra
798 2481 853 2578 (ut
868 2481 1051 2577 diximus),
1066 2481 1273 2553 interverte-

206 2611 291 2668 runt
306 2584 570 2696 possessionem
592 2596 769 2695 capitanei
786 2611 821 2668 ct
838 2594 967 2666 milites
983 2595 1172 2667 Britonum
1189 2596 1269 2691 qui,

207 2715 355 2787 nomine
372 2715 477 2812 regis,
494 2738 560 2814 pro
577 2713 748 2813 praesidiis
761 2727 796 2784 et
813 2710 1076 2788 munitionibus
1090 2710 1269 2801 locorum,
1388 2711 1394 2730 ⁸

206 2857 271 2931 per
299 2831 505 2904 interiorem
525 2831 785 2904 Normanniam
810 2829 924 2904 relicti
949 2830 1106 2920 fuerant3
1130 2843 1166 2901 et
1182 2852 1271 2927 prae·

205 2948 267 3019 fati
284 2937 510 3020 Nornianniae
526 2947 627 3020 ducis
645 2948 811 3036 nominc,
836 2970 880 3018 ea
901 2945 1085 3046 possidere
1107 2959 1215 3042 atque
1233 2969 1272 3019 sc

207 3080 329 3138 tenere
344 3065 525 3137 dixerunt.

255 3185 335 3270 Qua
362 3183 518 3254 novitate
545 3179 708 3254 turbatus
733 3204 795 3252 rex
821 3181 920 3252 etin
946 3202 1114 3277 magnam
1138 3177 1272 3252 excitus

205 3296 295 3370 iram
311 3297 480 3371 adversus
495 3297 684 3368 Britanniae
698 3295 843 3386 ducem,
860 3295 1033 3368 maximas
1046 3295 1155 3366 totius
1170 3296 1272 3391 regni

204 3415 327 3514 copias
358 3415 580 3512 aggregavit,
610 3438 699 3512 quas
730 3435 795 3512 per
824 3425 936 3484 totam
963 3415 1269 3500 Cenomanniam,

207 3531 432 3603 Normanniae
448 3544 556 3628 atque
572 3529 760 3602 Britanniae
774 3523 1048 3620 conterminam,
1065 3527 1270 3620 effundens,

206 3644 316 3741 longo
342 3659 503 3744 tempore
531 3670 596 3745 per
627 3643 804 3717 hicmem¹
830 3645 1071 3718 Cenomannis
1096 3647 1270 3717 constitit.

204 3764 286 3848 Qua
317 3762 488 3856 durante,
515 3762 575 3834 illa
601 3763 726 3861 ingens
759 3775 982 3834 armatorum
1008 3785 1137 3836 manus
1162 3777 1273 3835 terras

205 3876 281 3951 illas
308 3903 373 3978 per
403 3877 564 3951 milliaria
592 3877 703 3952 ferme
737 3880 883 3976 viginti'
908 3879 1187 3980 circumquaque
1223 3878 1273 3952 ita

247 4117 277 4174 1.
299 4111 419 4173 L'hiver
432 4111 469 4170 de
481 4114 559 4172 1167
578 4113 595 4170 a
612 4113 702 4175 1168.

246 4206 276 4263 2.
299 4205 445 4261 Milliarr'a
467 4211 510 4260 est
530 4199 665 4279 employe
677 4198 716 4258 ici
728 4219 841 4260 comme
854 4219 1015 4280 synonyme
1033 4198 1070 4258 de
1086 4203 1177 4258 leuca.
1197 4222 1210 4249 α
1229 4199 1273 4256 ltn

208 4311 256 4352 ces
273 4289 454 4351 eutrelaictes
476 4290 519 4348 lut
541 4286 696 4367 pourparlti
716 4287 753 4347 de
773 4287 879 4349 netues
899 4291 986 4364 (avec
1002 4288 1044 4347 les
1063 4289 1203 4361 Bretous)
1223 4287 1274 4364 qui
