3282 5168
371 460 428 518 272
642 460 900 520 mstottttttttn
921 461 1100 522 Lunovtct
1118 464 1162 521 x1

367 594 642 694 persequendas.
669 595 758 687 Qui,
787 594 833 668 ad
853 592 1010 668 diversas
1034 610 1172 694 partes,
1198 597 1246 670 de
1273 599 1433 697 ejusdem

368 713 523 786 exterriti
539 713 714 805 adventu,
733 710 962 810 diffugerunt.
985 714 1164 812 Praecipue
1184 739 1271 787 vero
1289 717 1335 789 ad
1352 744 1434 817 per·

270 863 287 894 ·›.
367 829 593 928 sequendum
616 828 825 929 praedictum
851 827 1059 900 bastardum
1083 829 1130 902 de
1154 830 1427 927 Falclzenburq¹‚

367 947 429 1044 qui
451 946 549 1046 apud
571 947 691 1040 villam
718 945 764 1016 de
789 942 978 1016 Sandwiclr
1002 946 1239 1041 maritimam,
1262 973 1430 1045 magnam

366 1061 485 1134 adhuc
501 1076 692 1135 nautarum
711 1072 1002 1157 armatorumque
1018 1074 1053 1132 et
1068 1061 1215 1133 navium
1232 1062 1429 1136 multitudi-

321 1256 324 1264 ,
366 1202 451 1250 nem
466 1177 598 1250 habere
616 1175 806 1248 serebatur.
824 1175 894 1246 Sed
911 1176 987 1273 ipse
1003 1201 1044 1247 ac
1055 1178 1173 1249 caeteri
1186 1177 1367 1272 satellites,
1383 1179 1430 1252 de

365 1296 458 1389 regis
474 1293 632 1366 adventu
648 1291 695 1364 ad
715 1316 753 1362 se
769 1290 905 1390 perlata
925 1291 1035 1384 sama,
1057 1292 1253 1390 prudenter
1268 1302 1345 1394 ejus
1364 1295 1429 1369 ad·

364 1423 512 1482 ventum
525 1410 778 1507 praevenientes
791 1421 826 1478 et
837 1405 981 1478 obviam
998 1407 1194 1502 mittentes,
1211 1411 1427 1510 veniamque

364 1522 542 1622 supplices
560 1521 800 1622 postulantes,
820 1544 947 1619 pacem
964 1545 985 1592 a
1002 1545 1084 1616 rege
1105 1538 1338 1621 acceperunt,
1362 1525 1424 1597 de·

363 1640 610 1738 ditionemque
627 1640 786 1710 lecerunt
804 1637 1037 1734 quadraginta
1053 1653 1088 1710 et
1104 1652 1240 1738 septem
1253 1640 1422 1734 navium,

364 1780 453 1855 quas
477 1755 546 1829 snb
567 1780 630 1828 sua
649 1753 831 1827 habebant
850 1767 1044 1852 potestate,
1063 1753 1285 1854 aliarumque
1303 1782 1422 1831 rerum

364 1896 451 1972 quas
468 1897 529 1944 rex
543 1871 588 1944 ab
605 1871 655 1943 eis
670 1871 784 1943 voluit
799 1869 960 1966 accipere
976 1884 1012 1941 et
1029 1869 1175 1943 habere.

412 1992 456 2060 Et
472 1988 544 2061 hoc
562 1987 673 2058 modo
690 1985 869 2085 completa
884 1999 920 2058 et
935 1985 1098 2059 absoluta
1118 1987 1183 2059 luit
1202 2013 1267 2086 per
1290 1990 1422 2065 Eduar.

362 2103 450 2177 dunr
470 2103 692 2203 recuperatio
709 2103 819 2175 totius
835 2103 890 2173 sui
909 2103 1009 2200 regni
1033 2102 1183 2199 Angliae,
1207 2128 1228 2176 a
1251 2129 1326 2203 quo
1348 2106 1420 2180 lac·

365 2222 462 2294 tione
478 2237 513 2293 et
529 2217 796 2320 proditionibus
817 2217 909 2290 illius
925 2219 1066 2290 comitis
1085 2217 1131 2290 de
1150 2223 1319 2294 Warviclt
1336 2224 1422 2323 pul-

360 2361 420 2408 sus
445 2337 648 2434 ejectusque
667 2333 777 2434 paulo
802 2348 886 2406 ante
910 2333 1038 2427 luerat,
1066 2349 1105 2406 ut
1131 2360 1238 2434 supra
1267 2362 1288 2410 a
1314 2339 1420 2414 uobis

359 2451 511 2526 relatum
527 2466 591 2525 est.
610 2451 719 2540 Quod
735 2451 892 2550 quidem.
904 2451 1015 2524 armis
1034 2464 1071 2522 et
1089 2455 1295 2528 strenuitate
1312 2458 1419 2531 mira·

359 2569 424 2642 bili
439 2585 546 2667 atque
562 2568 742 2666 diligentia
763 2566 811 2639 ab
832 2593 877 2639 eo
893 2566 1092 2640 edomitum
1111 2584 1218 2668 atque
1235 2575 1419 2670 conquisi-

358 2700 435 2759 tum
454 2687 538 2779 suit,
557 2711 641 2757 cnm
657 2709 767 2784 parva
782 2683 980 2757 admodum
995 2684 1098 2756 initio
1112 2711 1239 2781 manu,
1255 2690 1291 2761 in
1309 2689 1419 2762 unde·

357 2804 429 2876 cim
458 2799 768 2876 hebdomadarum
798 2801 932 2899 spatio,
960 2824 983 2873 a
1006 2800 1065 2872 die
1090 2827 1181 2899 quo,
1210 2807 1416 2879 transmisso

357 2919 467 3014 freto,
487 2920 617 3020 pedem
630 2921 667 2991 in
686 2942 798 3016 regno
814 2917 995 3016 reposuit:
1015 2918 1116 3016 quod
1133 2945 1207 2992 non
1224 2945 1335 3019 parva
1348 2925 1417 2996 uti·

356 3063 426 3136 que
443 3037 592 3135 dignum
606 3035 841 3108 admiratione
858 3033 1066 3108 habendum
1080 3051 1149 3129 est,
1168 3061 1251 3109 cum
1267 3054 1350 3111 ante
1362 3064 1416 3114 re-

317 3243 319 3246 ,
356 3178 514 3250 gressum
530 3177 635 3225 suum
650 3177 764 3224 unum
775 3150 904 3250 pedem
918 3152 1025 3224 totius
1034 3153 1156 3252 patriae
1165 3152 1231 3226 sibi
1242 3151 1415 3229 obedien·

355 3287 429 3346 tem
445 3298 518 3345 non
535 3271 702 3362 haberet,
721 3269 784 3342 sed
800 3284 892 3342 esset
907 3284 1022 3344 totum
1039 3295 1059 3344 a
1076 3272 1148 3344 suis
1171 3273 1413 3348 infensissimis

355 3404 462 3488 atque
479 3387 711 3462 acerbissimis
726 3384 891 3459 hostibus
906 3387 1126 3459 vindicatum
1143 3403 1179 3462 et
1195 3413 1410 3488 possessum.

355 3508 399 3576 Et
418 3505 520 3602 quod
540 3530 616 3577 rem
644 3502 757 3575 multo
783 3499 1020 3574 difficiliorem
1049 3505 1412 3605 periculosioremque

354 3619 421 3693 sibi
441 3619 634 3713 efficiebat,
658 3619 765 3693 iidem
790 3617 911 3691 hostes
931 3643 1058 3691 omnes
1079 3619 1187 3691 ferme
1205 3619 1360 3719 populos
1377 3638 1412 3696 et

354 3735 492 3812 accolas
519 3735 640 3833 regni,
671 3749 747 3807 tum
775 3736 813 3808 in
838 3734 982 3806 Henrici
1004 3759 1138 3808 nomen
1161 3761 1204 3810 ac
1226 3737 1408 3834 favorem,

353 3867 430 3926 tum
448 3855 484 3926 in
505 3853 592 3925 dicti
608 3852 747 3924 comitis
764 3849 810 3924 de
827 3851 1010 3946 Warvrclr,
1034 3852 1191 3924 faventes
1206 3853 1411 3955 mirumque

351 3970 389 4042 in
407 3968 558 4044 modum
574 3967 643 4042 sibi
659 3967 804 4042 allectos
820 3965 1019 4060 habebant3
1039 3983 1189 4072 propter
1204 3971 1305 4068 qnod
1320 3997 1409 4044 con-

390 4219 420 4277 l.
443 4213 604 4288 Cidenas,
619 4232 650 4292 p.
665 4212 736 4271 267.
