3402 5186
662 489 771 558 matt
791 487 940 560 emarus.
1313 489 1329 560 i

271 649 415 735 sumpto
431 633 604 734 prandio,
624 636 741 707 statim
758 650 862 708 exuta
877 634 1021 733 lugubri
1033 651 1149 725 vene,
1176 637 1244 708 sub
1260 661 1331 735 qua
1384 683 1387 692 .

270 751 430 852 prolecto
463 751 616 824 alienam
649 765 802 848 gesserat
835 775 1050 849 personam,
1084 750 1331 826 brevissimam

271 893 383 965 usque
407 868 453 941 ad
472 883 570 942 nates
588 868 672 940 albo
696 869 884 966 rubeoque
905 869 1108 969 bipartitam
1126 869 1329 962 coloribus,
1391 877 1393 882 ’

200 1045 205 1052 .
270 985 453 1083 propriam
469 985 700 1056 nunciantem
719 1008 929 1084 personam,
947 1004 1148 1075 assumens,
1162 1001 1332 1059 renatum

271 1099 423 1199 perrexit
445 1098 558 1198 usque
584 1099 629 1172 ad
655 1122 772 1172 seram
798 1115 959 1190 noctem,
979 1103 1095 1200 'capite
1118 1103 1212 1202 pileo
1236 1104 1333 1175 sitni-

269 1216 368 1289 libus
397 1219 531 1317 partito
570 1217 754 1291 coloribus
787 1220 960 1309 amictus,
997 1220 1161 1292 satellites
1193 1218 1332 1291 liabens

269 1357 395 1405 omnes
431 1333 677 1406 consimilibus
717 1349 866 1418 ornatos
900 1333 1118 1407 indumentis
1151 1359 1159 1405 r
1199 1334 1332 1432 quibus

268 1451 374 1520 etiam
395 1463 429 1519 et
452 1448 605 1548 phalerae
622 1463 658 1521 et
675 1448 840 1521 subsellia
857 1472 1034 1546 equorum
1050 1449 1195 1548 paribus
1218 1473 1331 1524 orna·

269 1564 396 1635 mentis
414 1563 692 1663 respondebant.

315 1682 506 1776 Postquam
523 1703 610 1750 vero
632 1679 820 1779 proditum
837 1675 1028 1779 palamque
1051 1679 1182 1752 lactum
1200 1681 1333 1753 exstitit

266 1794 367 1892 quod
381 1819 456 1870 non
472 1795 578 1866 vellet
594 1808 657 1867 rert
672 1819 788 1867 novus
813 1818 935 1867 coram
959 1795 1089 1867 intueri
1109 1811 1171 1867 eos
1192 1796 1254 1893 qui
1281 1795 1329 1871 ob

266 1912 375 2012 patris
392 1911 526 1983 luctum
543 1913 645 2007 nigro
659 1913 772 1983 vestiti
788 1924 905 1983 essent
917 1908 980 2006 (ad
996 1930 1077 1982 eum
1093 1913 1189 1983 enirn
1206 1921 1330 2007 quaut-

265 2028 384 2127 plures
402 2052 559 2124 eregno,
574 2026 857 2122 allectnmillum
876 2025 1040 2123 quemad
1053 2026 1260 2099 defirnctum
1272 2039 1331 2100 re-

265 2169 345 2243 gern
363 2143 565 2216 habuerant
585 2142 801 2234 indicantes,
825 2142 1067 2240 lugubresque
1090 2156 1205 2215 vestes
1225 2143 1330 2217 defe-

165 2335 173 2354 ,
265 2274 402 2348 rentes,
421 2260 489 2332 sibi
512 2260 777 2355 occurrerant),
805 2273 881 2329 tum
907 2256 1098 2357 pulchrum
1119 2253 1242 2331 videre
1267 2259 1330 2330 luit

264 2375 364 2474 quod
381 2375 482 2447 multi
499 2376 630 2467 statim,
650 2375 794 2445 mutatis
806 2373 1037 2464 vestimentis,
1051 2372 1134 2445 albo
1143 2373 1327 2472 rubeoqu'e

266 2489 400 2587 partitis
420 2469 756 2575 sescornaver'unl3
778 2499 820 2555 ut
838 2483 940 2556 facile
957 2481 1004 2554 ab
1020 2483 1076 2553 his
1093 2484 1156 2578 qui
1173 2484 1254 2555 talia
1272 2486 1326 2555 in·
1404 2522 1411 2533 ·

263 2604 441 2703 spicerent
454 2603 583 2675 merito
599 2601 670 2674 dici
685 2615 807 2700 posset
826 2626 834 2669 ε

357 2813 370 2839 α
389 2782 490 2847 Totus
506 2779 548 2846 ad
564 2776 747 2868 exemplum
762 2762 845 2868 regis
860 2775 1064 2864 componitur
1081 2771 1179 2840 orbis.
1202 2805 1214 2832 »

311 2970 391 3043 Non
408 2983 460 3040 est
474 2981 594 3040 autem
612 2966 712 3038 facile
728 2964 902 3042 estimare
918 2975 1073 3058 quantus
1091 2959 1137 3033 ad
1153 2985 1236 3034 euru
1252 2957 1325 3040 au-

263 3109 381 3158 merus
396 3095 628 3157 concurrerat
643 3081 688 3152 de
710 3079 879 3153 omnibus
897 3076 1088 3176 provinciis
1104 3073 1320 3169 Galliarum:

263 3203 322 3276 alii
346 3226 412 3303 pro
437 3197 583 3289 officiis,
603 3223 682 3296 quae
702 3194 770 3268 sub
796 3207 897 3295 patre
916 3205 1122 3282 tenuerant,
1142 3190 1326 3268 servandis

262 3336 368 3418 atque
399 3317 616 3406 retinendis;
652 3315 710 3387 alii
739 3337 825 3386 vero
852 3334 920 3411 pro
949 3310 1050 3383 novis
1079 3310 1323 3406 assequendis.

181 3527 184 3532 ,
260 3443 371 3512 Tanta
399 3436 496 3510 enim
525 3419 672 3507 ambitio
703 3429 982 3503 obtinendarum
1013 3424 1215 3501 officiorum
1241 3452 1324 3528 pro·

263 3572 339 3656 pter
353 3555 554 3628 felicitatem
571 3548 818 3648 temporalem,
836 3569 920 3644 qua,
936 3543 997 3642 qui
1010 3543 1077 3614 sub
1094 3556 1193 3641 patre
1208 3542 1325 3617 officia

262 3685 471 3764 tenuerant,
504 3668 608 3770 potiti
639 3664 953 3753 existimabantur,
989 3661 1129 3739 animos
1159 3661 1324 3734 omnium

257 3775 361 3888 'paene
378 3785 638 3886 regnicolarum
656 3781 863 3870 obsederat,
884 3792 923 3850 ut
937 3777 1097 3851 certatim
1114 3775 1160 3848 de
1178 3790 1255 3849 toto
1272 3802 1324 3849 re-

261 3930 354 4002 gnu,
382 3931 448 4004 pro
473 3898 682 3999 hujusmodi
698 3897 831 3991 causis,
854 3894 1029 3969 maximus
1051 3892 1151 3968 fieret
1175 3894 1320 3968 adeum

261 4041 483 4112 concursus3
517 4018 675 4115 talesque
709 4015 816 4086 etiarn
848 4008 967 4084 ollicia
995 4009 1220 4107 ambiebant,
1248 4033 1322 4081 non

262 4139 373 4210 modo
386 4136 449 4234 qui
466 4133 552 4207 alias
568 4131 775 4230 hujusmodi
793 4127 996 4202 bonoribus
1016 4153 1080 4202 seu
1097 4125 1326 4200 administra-

264 4252 423 4326 tionibus
440 4251 552 4323 luncti
572 4251 739 4337 luissent,
762 4246 824 4318 sed
850 4259 883 4316 et
904 4244 1134 4343 quamplures
1156 4243 1240 4340 qui,
1269 4242 1325 4315 vel
