3402 5186
661 521 771 578 LIBER
789 521 939 578 PRIMUS.
1290 525 1328 584 69

268 653 475 726 vicariatum
496 650 659 749 regendae
680 650 746 723 sub
767 675 804 723 se
827 653 1055 726 Normanniae
1073 677 1138 726 seu
1156 657 1331 753 portionis

267 772 344 869 ejus
372 769 566 857 concessit,
598 768 740 867 plenam
773 767 863 839 dans
892 768 945 859 ei,
977 770 1014 841 in
1048 769 1330 848 administranda

266 885 515 986 hujuscemodi
533 883 734 985 provincia,
753 889 994 983 potestatem¹.
1016 888 1207 961 Constituit
1222 891 1328 964 etiam

267 1003 299 1074 ei
322 1014 358 1074 et
380 1000 559 1074 ordinavit
579 1000 769 1072 maximam
791 1001 1020 1098 pensionem,
1045 1027 1124 1100 quae
1146 1021 1329 1081 menstrua

266 1117 334 1190 tria
350 1115 460 1188 millia
477 1116 685 1189 francorum
697 1114 848 1188 reddere
865 1115 1070 1210 dicebatur3
1085 1144 1164 1216 quae
1176 1119 1212 1191 in
1231 1144 1328 1195 anno

265 1232 408 1327 triginta
426 1229 513 1330 [sex]
530 1229 640 1303 millia
658 1228 848 1302 iaciebant.

313 1346 402 1419 Inde
418 1361 538 1419 autem
555 1346 649 1419 idem
667 1345 813 1418 illustris
828 1347 993 1439 Carolus,
1012 1348 1128 1422 dictus
1145 1375 1266 1425 comes
1282 1353 1328 1426 de

266 1463 465 1556 Chorolors,
490 1475 671 1536 revertens
693 1460 740 1534 ad
759 1463 925 1561 propria,
949 1488 1015 1562 per
1034 1465 1161 1539 urbem
1186 1468 1327 1541 Rotho-

264 1603 409 1677 magum
431 1579 497 1660 iter
519 1602 624 1650 suum
643 1575 783 1648 direxit.
806 1581 846 1646 ln
865 1601 938 1675 qua
958 1578 1046 1651 urbe
1065 1581 1222 1653 maximo
1242 1608 1326 1656 oum

263 1694 404 1766 honore
432 1719 454 1765 a
481 1693 619 1766 civibus
647 1706 813 1790 acceptus
841 1693 1122 1801 muneribusque
1146 1697 1323 1788 donatus,

263 1812 369 1885 etiam
391 1811 533 1883 vinctos
557 1833 826 1908 quoscumque,
851 1811 915 1908 qui
941 1811 980 1882 in
1011 1811 1156 1910 publico
1184 1841 1327 1894 carcere

263 1952 331 2026 pro
361 1923 588 1998 criminibus
605 1923 855 2016 servabantur,
881 1950 924 1998 ex
956 1926 1200 2004 munificentia
1230 1934 1327 2030 regia

263 2041 394 2114 liberos
410 2054 517 2140 atque
536 2039 719 2112 absolutos
735 2041 787 2112 ire
803 2040 965 2115 dimisit&

312 2163 403 2230 Cum
430 2181 516 2229 vero
543 2156 590 2229 ad
619 2171 759 2256 patrem
785 2181 829 2229 ao
856 2159 1009 2257 patriam
1041 2159 1220 2254 rediisset,
1249 2188 1323 2236 non

262 2275 375 2348 multo
388 2273 549 2374 posthac,
567 2287 752 2346 contracta
764 2273 1037 2370 quodammodo
1051 2276 1250 2350 offensione
1263 2307 1325 2379 pa·

263 2409 362 2467 terna
377 2407 524 2493 propter
539 2392 734 2464 simultates
750 2406 786 2464 et
801 2392 1065 2486 contentiones,
1084 2419 1162 2491 quar
1171 2396 1243 2492 jam
1261 2397 1322 2470 diu

263 2510 346 2582 satis
365 2507 588 2604 interipsum
606 2519 642 2577 et
658 2505 847 2577 dominum
865 2504 912 2576 de
930 2509 1045 2601 Croy'
1062 2508 1139 2606 (qui
1152 2512 1244 2609 patri
1255 2537 1321 2585 suo

262 2625 489 2698 charissimus
508 2646 711 2719 magnoque
723 2621 820 2721 apud
831 2646 915 2694 eum
928 2622 1010 2695 loco
1022 2649 1164 2724 semper
1177 2627 1322 2703 habitus

263 2741 394 2839 suerat)
412 2739 646 2828 duraverant,
664 2739 701 2810 in
722 2737 950 2811 Hollandiam
969 2741 1112 2812 secessit
1130 2742 1320 2817 habitavit-

262 2883 344 2956 que,
360 2859 455 2929 velut
472 2853 745 2953 quodammodo
762 2853 945 2928 abdicatus
960 2880 982 2928 a
997 2871 1112 2956 patre,
1130 2859 1166 2930 in
1184 2849 1322 2961 oppido

254 2974 306 3047 'de
317 2971 477 3047 'Cordum
492 2969 687 3070 appellato,
708 2995 816 3070 supra
833 2971 929 3071 ripas
946 2971 1103 3046 fluminis
1118 2973 1245 3068 Rheni,
1258 3004 1324 3076 per

261 3077 424 3193 tempora
435 3093 518 3164 satis
526 3091 664 3189 longa⁸.
680 3091 805 3164 Statim
817 3106 936 3164 autem
947 3106 988 3163 ut
1002 3092 1096 3166 hanc
1110 3119 1130 3166 a
1142 3111 1242 3196 patre
1255 3123 1322 3170 suo
1397 3114 1401 3120 ·

259 3215 478 3283 Francorum
492 3232 553 3278 rex
567 3208 737 3303 cognovit
748 3209 999 3302 secessionem,
1012 3209 1110 3283 velut
1124 3213 1159 3284 in
1173 3215 1321 3310 gratiam

259 3327 367 3426 patris
392 3347 602 3397 succensere
625 3323 770 3414 volens,
794 3322 870 3396 filio
894 3325 1028 3399 dictam
1053 3329 1264 3427 pensionem
1290 3346 1324 3404 et

257 3443 466 3516 vicariatum
495 3439 786 3512 administrandae
815 3443 1064 3534 Normanniae,
1098 3445 1207 3544 paulo
1239 3463 1323 3522 ante
1391 3545 1394 3552 Δ

299 3648 328 3706 1.
351 3649 392 3704 La
407 3645 591 3704 lientenanee
605 3643 741 3724 generaie
752 3644 793 3719 de,
805 3646 981 3706 Normandie
994 3648 1038 3707 iut
1050 3648 1163 3711 donnes
1176 3671 1214 3712 au
1227 3668 1322 3714 comte

258 3733 294 3794 de
309 3735 475 3808 Charolais,
485 3754 545 3794 non
558 3755 610 3814 pas
623 3737 724 3813 apres,
736 3737 808 3794 mais
822 3750 911 3795 avant
925 3737 952 3795 le
964 3758 1077 3819 voyage
1088 3739 1128 3800 du
1141 3742 1186 3800 roi
1197 3761 1235 3802 en
1245 3747 1320 3804 Gas-

257 3845 366 3906 oogne,
381 3847 419 3884 au
432 3827 504 3885 mois
517 3826 665 3887 d'octobre
677 3829 765 3885 ttnt.

296 3917 327 3977 2.
340 3919 380 3973 Le
395 3928 488 3973 comte
498 3914 534 3974 de
545 3915 694 3975 Charolais
708 3915 842 3990 se'jouma
857 3918 1045 3977 annuentes
1059 3923 1108 3995 19,
1125 3923 1164 3979 90
1176 3933 1205 3979 et
1216 3924 1249 3980 at
1267 3921 1322 3981 de-

256 4003 372 4064 cembre
387 4003 477 4064 1161.
497 4005 618 4085 Lengiet
636 4006 813 4084 Dusresnoy,
830 4008 997 4079 commines,
1013 4019 1033 4065 t.
1050 4013 1089 4085 11,
1105 4030 1134 4089 p.
1151 4011 1220 4074 175.

297 4097 326 4158 3.
348 4092 473 4154 Antoine
486 4092 523 4151 de
538 4096 624 4172 Croy.

295 4188 325 4244 t.
349 4189 390 4244 La
403 4182 547 4262 premiere
565 4183 730 4261 separation
752 4183 791 4242 du
811 4196 905 4250 comte
925 4185 962 4246 de
978 4185 1127 4246 Charolais
1147 4183 1249 4246 d’avec
1269 4207 1321 4246 son

255 4275 326 4354 pere
340 4288 389 4334 eut
406 4273 464 4332 lieu
481 4275 497 4332 a
516 4273 543 4331 la
557 4273 596 4330 fin
610 4270 647 4331 de
659 4272 757 4346 juillet
773 4277 862 4334 1169.
