3402 5186
657 483 778 558 ‘ntem
797 494 946 562 smnus.
1298 507 1337 564 ra

275 631 378 705 brice
400 631 579 728 jacturam
608 625 773 722 licentia,
807 631 844 704 in
875 629 1080 705 officiorum
1105 631 1334 726 venditione,

276 746 408 820 abusus
424 746 490 818 luit
507 745 582 844 (cui
602 746 788 820 consimile
806 747 843 818 in
862 745 1101 820 anterioribus
1119 747 1340 848 temporibus

274 861 425 936 minime
441 857 668 934 recolebatur
685 886 762 935 esse
779 862 951 960 sactum),
974 887 1050 934 non
1066 885 1168 936 secus
1184 888 1251 938 nec
1269 865 1338 938 dil·
1368 945 1371 952 ‚

276 979 430 1052 serenter
444 969 642 1060 tlecaeteris
659 978 761 1074 regni
777 977 904 1050 officiis
920 975 1102 1077 agebatur.

324 1091 488 1168 Habebat
518 1117 581 1164 rex
612 1091 807 1190 quemdam
836 1095 1065 1167 secretarium
1096 1095 1337 1193 cognomento

275 1212 394 1287 Borrd
405 1218 429 1305 ¹,
447 1213 594 1285 natione
613 1212 875 1311 Andegavensi,
894 1213 1024 1288 inlimae
1040 1215 1145 1288 sortis
1161 1229 1196 1286 et
1212 1212 1338 1286 condi·

275 1329 382 1401 tionis
398 1322 586 1401 bominem
610 1327 643 1423 ²,
662 1329 725 1428 qui
741 1329 850 1429 paulo
867 1343 950 1404 ante
974 1329 1128 1404 lamulus
1150 1328 1337 1426 cujusdam

274 1441 519 1544 procuratoris
538 1466 727 1517 causarum
743 1469 807 1517 seu
829 1443 1008 1520 secretarii
1034 1445 1175 1519 Parisiis
1198 1445 1340 1518 exstite-

274 1574 349 1655 rat,
368 1561 432 1636 sed
449 1585 570 1658 regem
589 1562 626 1633 in
645 1560 873 1635 Brabantiam
891 1560 1005 1634 luerat
1022 1575 1176 1638 secutus.
1197 1561 1251 1634 llli
1271 1561 1338 1635 soli

145 1737 151 1748 .
273 1676 402 1750 licebal
428 1676 562 1750 litteras
578 1675 780 1749 collationis
800 1700 1112 1778 quorumcumque
1135 1675 1337 1751 olliciorum

275 1792 416 1890 signare
430 1805 464 1864 et
477 1789 668 1864 conficere.
687 1792 742 1864 Ad
755 1815 864 1891 quem
877 1814 961 1865 cum
974 1787 1038 1883 illi,
1051 1793 1115 1892 qui
1126 1793 1192 1864 sibi
1203 1791 1337 1866 donata

272 1900 451 2008 putabant
477 1905 617 1998 officia,
637 1932 704 2007 pro
721 1931 867 1981 suarum
890 1909 1119 2010 expeditione
1138 1907 1335 1982 litterarum
1367 1936 1370 1942 ¹

271 2039 550 2117 concurrerent,
586 2049 654 2123 pro
686 2007 826 2122 signeto
857 2027 964 2098 unius
998 2024 1122 2099 litterae
1153 2025 1336 2098 interdum

270 2138 530 2240 quinquaginta
557 2156 680 2235 scuta,
707 2136 889 2214 interdum
917 2145 1063 2215 ceolum
1095 2156 1129 2216 et
1160 2141 1333 2241 amplius,

269 2272 448 2358 quantum
485 2271 650 2357 poterat,
693 2256 927 2356 extorquebat
947 2259 976 2348 '3
1012 2282 1079 2330 nec
1113 2257 1232 2330 minus
1265 2282 1334 2358 pro

271 2374 423 2446 minimo
456 2368 615 2446 officiolo
656 2373 783 2446 decem
822 2375 939 2448 aureis
975 2373 1167 2472 exigebat,
1206 2390 1334 2473 praeter

270 2491 464 2564 honoraria
489 2515 569 2589 quae
590 2489 777 2580 ministris,
803 2515 896 2589 quos
918 2489 986 2561 sub
1010 2515 1048 2562 se
1072 2489 1331 2589 assumpserat,

269 2605 376 2681 etiam
416 2605 494 2678 dari
531 2603 739 2705 oportebat,
776 2607 859 2702 qui,
894 2602 1065 2703 luporum
1096 2629 1198 2678 more
1232 2603 1335 2679 lamis

310 2810 339 2868 l.
360 2807 433 2864 leun
449 2804 578 2877 Bourre,
598 2802 664 2883 plus
682 2802 746 2863 tard
765 2801 903 2862 tresorier
920 2802 958 2862 de
974 2807 1085 2863 France
1098 2816 1128 2862 et
1141 2802 1277 2883 seigneur
1292 2801 1332 2863 du

267 2891 371 2953 Plessis
388 2911 424 2952 en
436 2892 548 2968 tnjou,
562 2892 679 2952 homme
690 2891 777 2951 d'une
790 2890 880 2950 haute
894 2893 1037 2972 capacite,
1051 2891 1141 2972 qu’on
1154 2903 1225 2969 peut
1238 2892 1333 2951 consi·

152 2998 158 3016 ’
267 2979 353 3040 derer
368 2999 481 3040 comme
495 2981 522 3040 le
534 2981 665 3042 ministre
677 2980 728 3040 des
741 2981 867 3040 finanoes
883 2979 920 3040 de
933 2980 1021 3040 Louis
1035 2984 1089 3040 xt.

307 3071 337 3130 2.
359 3071 384 3130 ll
399 3071 469 3131 etait
485 3069 592 3131 d’aussi
607 3071 704 3131 bonne
719 3069 830 3130 maison
843 3089 901 3148 que
914 3069 1019 3144 Basin,
1034 3080 1225 3148 appartenant
1241 3071 1256 3128 a
1275 3071 1333 3126 urle

267 3161 375 3222 lamille
388 3161 549 3222 honorable
562 3163 598 3222 de
612 3163 642 3223 la
654 3161 838 3242 bourgeoisie
852 3159 889 3220 de
902 3159 1152 3240 Chateaugontier.
1176 3161 1234 3218 Son
1250 3159 1332 3237 pere,

268 3251 431 3312 Guillaume
451 3253 579 3328 Bourre,
596 3251 675 3312 sieur
688 3251 725 3310 de
736 3251 765 3310 la
776 3250 1021 3324 Brome-boum,
1037 3249 1080 3307 lui
1094 3247 1172 3309 avait
1191 3248 1241 3306 lait
1259 3246 1333 3306 laire

267 3339 305 3400 de
318 3339 429 3400 bonnes
438 3340 570 3400 e'tudda
585 3339 676 3400 Paris.
691 3341 823 3399 Extmits
836 3342 886 3397 des
901 3343 993 3396 Titres
1005 3341 1046 3395 du
1058 3339 1175 3412 Hassis,
1190 3357 1220 3416 p.
1232 3339 1331 3412 137,ὲ
1419 3351 1423 3360 “

266 3431 295 3492 la
308 3429 384 3492 bibl.
400 3432 472 3511 imp.
488 3429 607 3492 cabinet
620 3430 671 3489 des
682 3431 783 3499 'fieres
802 3428 913 3488 dossier
925 3431 1045 3486 Bourre.

308 3525 337 3580 3.
360 3524 413 3582 Ces
427 3520 511 3594 abus,
526 3519 598 3579 dont
610 3519 721 3579 Bourre
734 3536 772 3578 ne
786 3516 885 3578 donne
899 3537 951 3597 pas
965 3517 1120 3596 l’exemple
1130 3516 1171 3575 lui
1182 3514 1243 3576 seul
1258 3515 1288 3574 nl
1302 3516 1329 3576 le

267 3610 411 3690 premier,
427 3609 534 3668 etaient
547 3607 829 3668 malbeureusement
842 3605 1020 3684 encourages
1033 3625 1087 3685 prr
1101 3604 1212 3684 l’usage
1223 3603 1330 3663 imme-

268 3699 370 3760 morial
383 3697 602 3758 d’abandonner
614 3717 674 3757 aux
686 3695 852 3756 seeretaires
865 3694 905 3753 du
917 3693 962 3754 roi
975 3714 1015 3752 un
1027 3693 1104 3754 droit
1117 3713 1167 3752 sur
1181 3693 1223 3753 les
1236 3693 1330 3753 nomi·

267 3787 391 3849 natione.
407 3791 486 3847 Nous
498 3805 590 3846 avons
602 3805 708 3845 encore
721 3785 748 3843 la
764 3784 873 3843 niinute
887 3783 937 3842 des
951 3782 1049 3842 lettres
1061 3795 1189 3862 patentes
1203 3803 1257 3862 par
1271 3781 1330 3840 les-

266 3877 377 3956 quelles
391 3879 501 3937 Rourre
512 3876 556 3935 lut
569 3894 685 3956 pourvu
700 3873 736 3934 de
750 3893 782 3933 sa
794 3873 912 3956 charge,
925 3872 953 3932 le
966 3875 1005 3930 29
1016 3872 1111 3946 juillet
1124 3875 1213 3931 llssl.
1225 3872 1248 3930 tt
1260 3891 1279 3950 y
1289 3885 1331 3930 est

267 3969 382 4048 specifie
398 3969 468 4046 qu’il
480 3968 577 4042 jouira
591 3966 641 4026 des
654 3965 745 4025 droits
759 3979 788 4025 et
800 3964 942 4024 beneficas
955 3963 1140 4024 accontumes
1153 3983 1204 4022 sur
1218 3962 1330 4041 l'expe-

267 4057 358 4118 dition
375 4057 427 4118 des
439 4057 554 4118 brevets
567 4069 596 4118 et
608 4057 706 4118 lettres
721 4055 757 4115 de
771 4054 919 4135 provision
933 4073 992 4114 aux
1004 4053 1102 4114 ollices
1115 4075 1122 4110 ι
1141 4077 1153 4106 ι
1166 4057 1228 4130 Luy
1240 4069 1331 4110 avons

267 4147 364 4208 donne
373 4161 403 4208 et
413 4147 574 4208 curule...
588 4147 630 4206 les
644 4146 743 4226 gaiges
754 4142 965 4205 ordinabas...
978 4163 1051 4203 avec
1062 4143 1104 4203 les
1116 4141 1330 4204 boursesordi·

267 4237 364 4298 naires
377 4247 407 4297 et
419 4236 470 4296 des
483 4234 639 4296 collacione
652 4233 734 4294 audit
746 4233 832 4294 office
845 4245 1045 4314 appartenent.
1059 4259 1072 4286 a·
1090 4231 1182 4306 leid,
1198 4253 1227 4312 p.
1245 4234 1316 4295 193.
