3272 5182
586 455 696 511 LIBER
714 456 877 512 TERTIUS.
1124 514 1129 520 ,
1203 460 1262 515 257

204 619 287 667 curn
314 612 443 686 magna
469 589 635 685 utrinque
666 588 785 660 laetitia
817 588 1012 662 conciliatae
1031 604 1115 662 sunt
1141 605 1176 663 et
1201 591 1261 663 frr-

205 721 319 780 matae.

252 822 409 896 Audiens
424 835 545 893 antem
563 820 639 917 ipse
654 817 841 891 Edoardus
856 818 955 916 quod
968 821 1262 896 Oxoniaecomes¹

204 955 239 1011 et
255 940 424 1011 dominus
441 939 486 1010 de
500 917 739 1008 Bellomonte
750 960 834 1006 cum
851 935 927 1007 aliis
944 936 1122 1068 pluribus,
1142 938 1190 1011 ad
1212 939 1262 1012 se-

202 1054 358 1126 rendum
379 1052 506 1126 auxilia
525 1067 560 1124 et
571 1050 797 1148 jungendum
813 1075 850 1122 se
869 1050 947 1122 illi
938 1052 1067 1148 msignr
1057 1054 1262 1152 proditori

204 1169 398 1257 Warvtelz,
420 1167 670 1256 adventarent,
688 1167 783 1238 misit
803 1181 930 1240 contra
954 1193 1017 1240 eos
1041 1185 1180 1268 partem
1201 1195 1263 1242 co·

201 1285 344 1382 piarum
356 1308 502 1357 suarum
519 1283 565 1357 ad
583 1283 704 1355 villam
719 1283 950 1380 Leychestriae
960 1286 983 1356 ³.
1000 1289 1127 1381 Aqua,
1139 1311 1190 1359 111.
1204 1285 1262 1357 die

192 1401 333 1472 mensis
350 1398 487 1499 aprilis,
506 1399 622 1470 dictus
638 1399 786 1469 Oxoniae
806 1422 929 1470 comes
949 1413 985 1470 et
1006 1400 1060 1471 sui
1078 1399 1144 1472 susi
1166 1400 1263 1498 suga-

201 1516 299 1612 tique
313 1515 469 1587 fuerunt.
489 1519 571 1603 Quo
592 1514 642 1585 sic
658 1512 772 1618 sacto,
799 1513 874 1610 ipse
894 1513 1098 1607 Edoardus,
1121 1541 1182 1586 rer
1200 1519 1263 1591 ite·

202 1656 295 1723 rum,
314 1631 361 1704 ad
378 1631 555 1703 civitatem
567 1629 772 1762 praedictam
786 1633 1090 1704 Conventrensem
1101 1637 1259 1764 accessit,

200 1747 318 1820 adhuc
342 1761 563 1837 tentaturus,
583 1772 612 1818 sr
602 1746 841 1844 praedictum
861 1748 1057 1819 maximum
1076 1748 1262 1822 inimicum

200 1888 321 1937 suum
330 1866 534 1936 Warvt'elt
526 1889 561 1936 rn
587 1877 749 1980 patentes
774 1888 941 1962 campos,
970 1889 1092 1936 seeum
1118 1865 1263 1938 dimica·

9 1976 19 2024 t·
128 2040 133 2050 ,
200 1995 317 2070 turus,
343 1981 497 2053 educere
517 1995 650 2079 posset.
674 1953 728 2053 ‘Ad
745 2004 836 2077 quos
862 2003 946 2052 cum
970 2005 1036 2053 nec
1053 1982 1166 2074 exire,
1194 2006 1261 2055 nec

199 2123 326 2198 pugnae
347 2098 485 2172 aditum
504 2097 663 2196 praebere
684 2097 807 2185 vellet,
834 2096 927 2170 sed
916 2111 1010 2169 rutra
1036 2099 1168 2171 moenia
1190 2098 1262 2171 vai·

197 2211 344 2311 lumque
361 2214 480 2312 potius
503 2213 717 2305 consistere,
748 2235 951 2310 expugnare
972 2211 1120 2307 quidem
1136 2214 1259 2287 civita·

198 2342 271 2400 tem
289 2330 403 2429 ipsam
420 2353 480 2402 rex
494 2328 641 2402 adortus
655 2327 722 2400 fuit
732 2342 768 2400 et
779 2328 993 2400 attentavit‘.
1014 2330 1083 2400 Sed
1099 2329 1193 2402 cives
1207 2330 1260 2403 lo-

198 2444 302 2544 cique
318 2444 453 2518 incolas
470 2446 676 2535 miseratus,
697 2441 845 2541 quibus,
869 2443 953 2517 licet
973 2443 1195 2537 insontibus,
1216 2471 1259 2518 ea

197 2585 252 2633 res
269 2577 463 2636 extremam
479 2561 716 2633 calamitatem
732 2559 860 2630 inferre
878 2559 1064 2657 potuisset,
1084 2559 1258 2634 delibera·

195 2677 247 2749 vit
274 2680 393 2777 potius
418 2703 540 2750 versus
566 2675 693 2749 urbem
717 2670 849 2772 regiam
878 2676 1167 2769 Londoniarum,
1194 2676 1256 2750 ubi

195 2795 400 2881 Henricum,
420 2794 561 2866 hostem
578 2815 706 2884 suum,
715 2816 782 2891 pro
801 2815 883 2888 rege
898 2816 936 2863 se
958 2809 1140 2888 gerentem
1158 2811 1193 2868 et
1216 2797 1254 2866 in

195 2911 350 3008 priscam
366 2911 567 2982 restitutum
583 2907 797 2999 libertatem,
816 2908 1008 2980 consistere
1024 2909 1197 3003 audierat,
1218 2937 1255 2984 se

194 3009 277 3107 cnm
293 3051 358 3098 suo
372 3025 534 3098 conferre
547 3026 732 3097 comitatu.

243 3143 298 3216 nd
321 3167 430 3241 quam
455 3168 539 3215 cum
563 3141 809 3232 adventasset,
832 3140 951 3213 statim
973 3165 993 3212 a
1018 3140 1157 3215 civibus
1186 3145 1252 3216 mi·

193 3258 289 3330 nime
316 3257 569 3331 obsistentibus
591 3281 675 3329 cnm
695 3256 947 3329 benevolentia
980 3273 1033 3330 est
1061 3275 1250 3358 exceptus,

193 3397 243 3444 xr.
265 3373 323 3446 die
340 3375 472 3446 mensis
492 3373 629 3472 aprilis,
648 3358 688 3445 et
708 3372 783 3469 ejus
805 3397 924 3446 arcem
946 3397 1146 3472 occupans,
1172 3400 1251 3473 quae

192 3491 311 3562 Turris
328 3491 597 3563 Londoniarum
618 3489 726 3586 vulgo
743 3490 886 3581 dieitur,
904 3491 1023 3589 ipsum
1035 3493 1142 3564 etiam
1160 3497 1253 3566 Hen-

230 3718 261 3777 i.
281 3712 305 3772 11
324 3735 344 3792 y
363 3733 381 3772 a
398 3717 459 3770 dur
476 3711 547 3772 dans
567 3710 594 3770 le
611 3729 680 3786 ms.,
695 3709 766 3769 mais
778 3709 902 3769 l’auteur
920 3730 951 3770 se
966 3713 1080 3794 corrige
1096 3714 1250 3780 lui-meme

191 3799 262 3863 dans
280 3802 307 3862 la
325 3801 431 3883 phrase
444 3800 586 3862 suivante.
601 3804 643 3859 Le
655 3818 724 3858 nom
737 3799 774 3859 de
788 3817 821 3860 ce
834 3812 927 3859 comte
940 3799 1079 3862 d'Oxford
1092 3804 1161 3864 e‘tait
1172 3807 1248 3866 John

189 3893 375 4057 vegs-John,
391 3983 516 4042 vicomte
529 3981 565 4040 de
577 3983 747 4042 Beaumont.
841 4067 845 4076 Ι

231 4076 258 4132 3.
281 4071 434 4130 Leicester.

230 4163 259 4220 4.
282 4163 406 4218 Adortus
419 4162 521 4236 suisset
532 4173 562 4216 et
570 4173 766 4235 attemptasset
778 4156 849 4218 dans
863 4159 890 4218 le
903 4179 956 4218 ms.

349 4286 378 4326 rr
1069 4273 1107 4328 tr
