3014 5010
514 109 624 166 Lmen
643 107 793 167 PRIMUS.
1149 117 1186 171 tr

121 243 263 318 civitate
288 239 502 314 Nannetensi
524 253 561 315 et
579 239 762 314 nonnullis
791 238 870 314 aliis
887 240 977 314 locis
994 244 1187 340 provincie

121 384 207 433 oum
228 357 363 457 ingenti
389 355 530 428 honore
549 371 586 428 et
607 356 793 430 festivitate
813 373 985 456 exceptus
1003 374 1075 449 est,
1096 360 1186 431 nihil

121 477 246 550 talium
271 474 469 572 suspicato‘
493 475 612 572 qualia
642 501 704 548 rex
732 478 853 547 altimo
887 475 1068 550 volvebat.
1096 482 1187 548 Cum

122 593 228 689 igitur
250 589 382 662 finibus
408 591 594 662 Britanniae
618 616 799 688 egressus,
827 617 864 663 se
888 594 924 664 in
951 618 1102 689 regnum
1127 616 1188 664 rex

122 708 244 781 denuo
276 707 482 805 recepisset,
515 720 602 779 tunc
632 733 741 807 super
768 708 977 804 hujusmodi
1010 708 1188 781 fidelitatis

122 838 347 898 sacramento
363 837 468 921 atque
484 822 683 913 civitatibus
694 839 729 897 et
744 825 868 914 terris,
889 850 954 922 per
967 849 1085 920 regem
1104 850 1189 920 que·

123 940 197 1013 rela
210 955 245 1014 et
259 939 467 1036 disceptatio
484 964 569 1012 curn
588 939 679 1012 duce
696 939 822 1012 haberi
836 940 957 1038 coepit.
979 944 1075 1012 Dum
1098 954 1190 1010 uter·

122 1079 194 1154 que
205 1055 421 1154 pertinacius
434 1056 505 1127 suis
522 1053 772 1128 allectionibus
783 1068 890 1153 atque
905 1054 1057 1127 decretis
1072 1054 1190 1126 studet

122 1171 313 1264 inhaerere,
347 1185 383 1245 et
412 1170 576 1269 quamvis
601 1195 666 1268 per
690 1195 810 1266 regem
828 1169 999 1243 adversus
1020 1169 1189 1242 eumdem

123 1287 254 1361 ducem
264 1287 371 1361 variae
381 1287 658 1367 ostenderentur
674 1288 901 1385 querelarum
914 1312 1045 1377 causae,
1059 1311 1081 1358 a
1097 1285 1190 1358 mul·

123 1405 170 1477 tis
191 1419 313 1478 tamen
335 1427 410 1475 una
436 1418 523 1477 tunc
544 1430 733 1503 suppressa
758 1421 793 1478 et
818 1405 864 1478 de
887 1430 958 1503 qua
975 1405 1111 1476 mentio
1127 1428 1190 1503 pa·

122 1521 197 1595 lam
209 1522 356 1593 minime
369 1521 571 1596 habebatur
588 1523 712 1617 luisse,
731 1524 902 1596 aestimata
919 1537 971 1594 est
985 1522 1186 1621 praecipua:

125 1661 170 1710 eo
182 1636 346 1709 videlicet
362 1638 462 1734 quod
480 1639 575 1711 idem
593 1639 666 1712 dux
678 1664 763 1712 cum
778 1641 912 1713 comite
925 1639 971 1711 de
985 1638 1186 1724 Chemmis,

124 1749 201 1824 filio
227 1754 334 1825 unico
368 1753 542 1855 Philippi,
571 1756 868 1853 Burgundionum
899 1756 1003 1829 ducis
1025 1757 1186 1846 illustris,

125 1869 381 1943 fraternitatem
405 1886 514 1969 atque
541 1874 732 1946 amicitiam
749 1874 964 1969 singularem
989 1872 1186 1972 copularat.

127 1989 245 2073 Quam
263 2009 343 2074 rex,
362 2001 402 2057 ut
417 1985 464 2057 nd
480 1986 570 2058 fines
585 1988 743 2059 intentos
760 1987 953 2084 aliquando
968 1987 1186 2086 perveniret,

126 2101 358 2174 vehementer
381 2101 575 2175 dissolvere
597 2118 703 2198 atque
737 2103 962 2202 disrumpere
993 2104 1186 2198 satagebat.

175 2220 324 2291 Duravit
340 2235 460 2290 autem
477 2219 685 2314 hujusmodi
702 2219 863 2291 simultas
881 2244 945 2317 per
968 2243 1084 2291 annos
1099 2242 1190 2314 qua-

127 2348 221 2426 tuor,
248 2350 283 2405 et
302 2334 447 2406 tandem
474 2334 622 2406 demum
648 2336 686 2405 in
708 2347 868 2433 apertam
891 2333 1190 2432 manifestamque

125 2448 383 2523 dissensionem
405 2453 539 2550 erupit,
561 2467 667 2550 prout
696 2453 731 2522 in
760 2453 1011 2550 sequentibus,
1031 2453 1188 2551 propitio

126 2568 216 2659 Deo,
235 2591 301 2640 suo
317 2569 399 2640 loco
415 2568 625 2641 reseremus.

470 2900 729 2971 CAPlTULUM
752 2903 844 2971 XlV.

126 3102 221 3169 Qualia
240 3104 336 3156 auxilia
358 3101 502 3164 Henrioue,
522 3101 668 3174 Anglornm
688 3120 751 3170 rex,
771 3115 798 3156 et
813 3103 961 3176 Margareta
981 3103 1087 3174 regine,
1108 3123 1190 3176 regno

163 3184 262 3254 Angliae
276 3183 394 3256 depulsi,
408 3180 481 3254 apud
496 3180 664 3236 ludovicum
677 3200 780 3254 regem,
798 3202 859 3238 cum
879 3195 965 3238 meent
976 3184 1057 3236 umbo
1072 3183 1190 3255 ejusdem

163 3263 327 3332 consobrini,
340 3263 508 3318 invenerunt.

179 3441 333 3513 Audiens
355 3457 474 3515 autem
495 3444 727 3538 Margareta¹,
751 3465 843 3512 uror
865 3442 1025 3535 Henrici,
1057 3442 1187 3539 llnglo·

129 3579 208 3625 rum
228 3554 368 3650 regina,
389 3580 468 3652 quae
492 3579 574 3627 cum
594 3553 673 3623 viro
694 3575 783 3642 su0,
805 3577 914 3650 regno
937 3567 972 3624 et
996 3555 1108 3650 patria
1127 3578 1191 3652 per

171 3767 200 3824 l.
222 3766 385 3842 Suspicatus
399 3764 470 3824 dans
484 3765 512 3823 le
526 3785 581 3825 ms.
639 3752 641 3757 ⁴
932 3838 936 3856 Ι

178 3853 207 3913 t.
230 3853 405 3932 Marguerite
418 3853 559 3925 d'Anjou,
573 3852 678 3911 lemme
692 3851 732 3910 dn
745 3851 790 3912 roi
804 3853 893 3913 Henri
909 3857 956 3913 vl.
