3384 5184
391 520 449 578 tut
662 519 917 578 mstoultuttu
933 520 1113 578 Luuovtm
1129 521 1173 577 XI

391 679 510 746 mum,
538 651 668 726 deinde
696 653 886 744 Falesiam,
918 666 954 724 et
984 651 1185 725 Cadomum
1214 651 1445 750 postmodnm

390 769 547 866 trajecit,
568 791 709 865 quaqua
724 765 983 865 pertransibat,
1002 779 1064 838 aut
1086 765 1247 838 militiam
1265 791 1329 840 seu
1347 790 1446 840 com·

390 888 515 956 missos
536 885 708 974 mitteret,
724 884 847 955 omnia
868 882 1030 954 auferens
1057 881 1154 952 fratri
1175 897 1211 954 et
1234 881 1279 954 ad
1296 905 1445 954 manum

390 1026 490 1073 suam
507 1023 700 1100 reponens.
720 1002 798 1070 Non
822 999 918 1069 enim
942 999 978 1068 in
996 997 1100 1069 bassa
1116 998 1334 1070 Normannia
1359 999 1445 1068 resi·

389 1117 552 1188 atentiam
581 1113 713 1187 alicubi
745 1113 902 1202 invenit,
934 1114 969 1183 in
1001 1114 1101 1210 cujus
1132 1111 1301 1185 omnibus
1334 1113 1445 1184 ferme

389 1232 532 1330 oppidis
565 1255 606 1302 ac
636 1227 837 1300 civitatibus
870 1229 1051 1301 Britonum
1081 1230 1298 1301 munitiones
1327 1242 1442 1300 erant.

388 1345 494 1418 Nihili
525 1348 622 1417 enim
639 1344 821 1444 pendebat
844 1345 965 1417 datam
989 1345 1086 1419 sratri
1113 1346 1320 1443 eaeterisque
1342 1346 1446 1442 prin-

386 1460 545 1560 cipibus,
581 1475 616 1533 et
650 1462 812 1532 maximis
848 1461 1025 1533 firmatam
1055 1463 1304 1553 sacramentis,
1336 1460 1445 1534 fidem

388 1576 567 1674 frangere,
600 1592 636 1648 et
662 1579 806 1676 perjurii
835 1601 876 1650 ac
908 1576 1065 1676 perlidiae
1098 1592 1215 1650 reatus
1249 1579 1441 1650 incurrere.

387 1697 504 1786 Quos,
524 1693 656 1766 frivolae
669 1694 907 1766 excusationis
921 1693 1140 1788 velamento,
1157 1693 1310 1791 negabat
1327 1695 1445 1766 incur-

387 1832 484 1898 rere,
502 1810 604 1906 quasi
617 1834 681 1908 per
695 1811 768 1881 vim
779 1823 840 1880 aut
852 1825 989 1882 metum
1002 1810 1085 1883 talia
1096 1812 1272 1908 promissa
1285 1810 1441 1883 lecisset:

387 1948 466 2021 quae
500 1939 676 2021 quantum
711 1925 853 2021 justitiae
884 1941 919 1998 et
951 1924 1146 1998 honestatis
1183 1926 1316 2000 habere
1346 1928 1444 2026 apud

387 2043 503 2110 Deum
526 2053 561 2109 et
585 2038 750 2110 homines
773 2054 912 2137 posset,
939 2040 1089 2113 aliorum
1115 2042 1283 2114 duximus
1305 2043 1441 2140 judicio

389 2152 679 2251 relinquendum.

727 2457 980 2530 CAPlTULUM
1010 2461 1102 2530 XIV.

384 2663 504 2730 Qualiter
522 2661 577 2716 dux
594 2661 765 2718 Normanniae
780 2683 795 2717 a
810 2663 977 2735 principibus
993 2661 1155 2736 Burgundio
1169 2681 1217 2735 per
1230 2663 1330 2734 legatos
1347 2665 1446 2720 auxilia

420 2744 580 2815 postularit;
599 2757 625 2799 et
651 2744 685 2799 ‹le
704 2763 810 2817 egressu
832 2743 909 2798 ducit
929 2744 1100 2802 Normaunite
1123 2763 1137 2798 e
1165 2743 1334 2816 Rothomago
1355 2763 1445 2799 veruna

421 2822 629 2888 llouneflutum,
642 2822 713 2879 unde
725 2826 753 2878 in
766 2823 930 2877 Britanniam
946 2843 1007 2878 curn
1017 2823 1086 2877 duee
1096 2822 1239 2877 Britannia
1251 2821 1381 2879 transivit.

434 3006 568 3077 Videns
583 3019 702 3078 autern
718 3005 876 3102 optimus
891 3001 949 3076 ille
972 3006 1197 3077 Normanniae
1213 3003 1286 3077 dux
1301 3029 1355 3097 se,
1375 3005 1443 3079 ho·

386 3122 525 3193 minum
539 3134 665 3216 agente
680 3117 849 3215 perfidia,
868 3118 1151 3191 circumventum
1163 3118 1443 3219 destitutumque

385 3235 534 3328 auxilio,
570 3260 645 3307 non
674 3257 778 3332 posse
808 3247 933 3306 contra
959 3236 1118 3331 germani
1157 3237 1211 3306 sui
1242 3237 1443 3334 potentiam

386 3351 566 3442 resistere,
592 3349 688 3422 misit
705 3346 838 3445 legatos
854 3371 937 3420 eum
953 3348 1110 3448 epistolis
1124 3349 1171 3420 ad
1187 3349 1441 3425 illustrissimos

387 3469 565 3568 principes
602 3451 830 3568 Philippum,
863 3469 992 3541 ducem
1032 3470 1262 3564 Burgundiae,
1299 3485 1334 3543 et
1369 3474 1444 3569 ejus

388 3589 521 3679 lilium,
541 3591 731 3664 dominum
747 3591 915 3664 Carolum
933 3590 979 3663 de
1004 3590 1206 3682 Charoloir,
1233 3593 1443 3693 episcopum

388 3708 663 3782 lexoviensem¹
682 3723 718 3781 et
737 3709 926 3781 dominum
947 3713 1140 3780 Brunetum
1158 3710 1204 3782 de
1222 3715 1438 3810 Longeamp,

426 3892 455 3948 l.
479 3886 601 3948 Thomas
615 3886 696 3947 Basia
709 3886 867 3948 lui-me‘me.
883 3888 906 3946 Il
920 3888 1033 3947 revient
1043 3907 1093 3946 sur
1106 3899 1179 3947 cette
1190 3887 1358 3948 ambassatle
1371 3889 1443 3948 dans

386 3997 437 4038 son
446 3977 585 4057 Apologie
594 3977 656 4052 (liv.
666 3980 690 4050 1,
703 3997 729 4034 c.
738 3983 803 4049 vn),
814 3989 842 4034 et
851 3976 979 4050 toujours
989 3995 1026 4035 en
1038 3995 1068 4034 se
1079 3975 1206 4036 donnant
1217 3975 1444 4057 pourcollegues

387 4074 428 4132 les
442 4072 521 4132 deux
535 4089 728 4151 personnages
745 4071 875 4129 nomines
892 4069 939 4132 ici.
961 4068 1127 4148 Cependant
1145 4069 1222 4128 deux
1241 4069 1337 4148 pieces
1350 4068 1446 4149 diplo-

387 4165 528 4242 rnatiques
556 4163 755 4241 representem
778 4177 809 4218 sa
832 4159 948 4218 mission
974 4179 1085 4218 comme
1110 4160 1239 4238 separes.
1268 4163 1446 4218 Documents

387 4250 502 4326 inedita,
520 4255 682 4328 Melanges,
697 4262 718 4308 t.
736 4253 776 4322 11,
791 4269 820 4328 p.
836 4251 889 4308 tal
907 4261 937 4308 et
948 4252 1018 4308 iil.
