3282 5168
561 551 675 617 ,LIBER
703 549 884 622 QUARTUS.
1196 552 1254 610 323

197 679 319 754 etalio
335 679 618 768 translatomm¹,
642 681 678 752 in
697 683 772 779 ipsa
796 678 943 780 platea¹,
962 679 1044 753 loco
1065 682 1141 778 ejus
1165 683 1254 754 emi-

199 797 377 886 nentiore‚
383 796 483 892 juxta
493 796 733 894 parochialem
745 798 931 870 ecclesiam
940 795 1252 894 Sancti-Vangulfi,

199 911 365 986 machina
388 937 516 1010 magna
540 912 720 1009 lignorum
744 928 862 986 erecta
879 926 944 1004 est,
970 928 1006 985 et
1027 938 1193 986 ascensus
1209 914 1256 986 ad

199 1053 279 1101 eam
293 1028 384 1100 latus
398 1043 433 1100 et
451 1028 613 1124 grandis,
632 1029 871 1125 effectumque
888 1028 924 1098 in
943 1029 1023 1126 ipso
1043 1029 1162 1124 ligneo
1176 1029 1258 1101 aedi·

200 1141 303 1236 ticio,
332 1142 431 1241 quod
460 1144 536 1214 sine
560 1144 680 1241 aliquo
701 1157 908 1240 tegumento
934 1157 1022 1230 erat,
1041 1142 1197 1214 tribunal
1220 1144 1257 1214 in

201 1259 322 1332 medio
341 1261 499 1358 positum
523 1275 596 1353 est;
620 1260 793 1358 sedesque
814 1285 836 1332 a
856 1259 987 1331 dextris
1003 1274 1074 1332 eta
1095 1259 1257 1349 sinistris,

201 1377 279 1475 ipso
295 1375 468 1474 imperiali
486 1375 577 1447 solio
594 1374 855 1467 submissiores,
874 1375 997 1472 positae
1009 1388 1106 1466 sunt,
1124 1399 1191 1472 pro
1205 1373 1261 1444 his

202 1490 437 1590 principibus,
456 1491 518 1590 qui
530 1493 596 1590 ipsi
609 1491 816 1589 imperatori
832 1490 986 1562 assidere
1000 1489 1184 1563 deberent.

251 1611 342 1680 Cum
356 1624 477 1682 autem
491 1609 613 1681 omnia
622 1623 904 1708 praeparamenta
920 1607 1010 1681 facta
1026 1608 1265 1706 decenterque

203 1737 328 1798 oruata
347 1724 506 1816 luissent,
525 1724 572 1798 ad
593 1737 742 1796 statutos
758 1724 854 1796 diem
872 1739 908 1795 et
924 1724 1065 1815 horam,
1085 1748 1215 1821 magna
1230 1739 1264 1796 et

203 1843 351 1940 copiosa
381 1841 555 1939 cujusque
589 1841 742 1938 gradus,
770 1839 925 1930 ordinis,
956 1841 1067 1912 aetatis
1097 1853 1133 1911 et
1161 1865 1265 1912 sexus

204 1957 433 2030 multitudine
449 1959 631 2031 assistente
647 1972 684 2030 et
704 1971 930 2056 exspectante
952 1971 1072 2028 actum
1089 1957 1196 2029 talem
1217 1959 1268 2029 vi·

204 2074 307 2164 dere,
328 2075 429 2171 cujus
445 2075 596 2146 similem
614 2075 705 2147 sorte
725 2098 910 2172 nunquam
928 2075 1178 2173 inspexissent,
1198 2100 1267 2147 ve-

204 2193 257 2263 uit
280 2195 396 2264 Caesar
419 2215 547 2287 magna
565 2192 769 2290 principum
788 2205 822 2262 et
842 2215 1034 2287 procerum
1055 2192 1265 2289 germanice

205 2311 360 2382 nationis
378 2324 518 2381 caterva
545 2311 710 2408 stipatus.
744 2313 825 2396 Quo
847 2335 913 2407 pro
934 2309 1104 2381 tribunali
1122 2309 1268 2382 sedente

205 2449 287 2497 cum
303 2423 422 2496 insulis
438 2439 473 2496 et
491 2423 692 2496 diademate
708 2423 912 2521 caterisque
925 2423 1116 2523 imperialis
1140 2425 1266 2520 majes-

206 2546 287 2620 tatis
306 2543 536 2644 insignibat,
555 2544 623 2616 sibi
639 2543 875 2618 assidentibus
893 2569 913 2616 a
928 2544 1060 2616 dextris
1077 2559 1112 2616 et
1129 2569 1150 2618 a
1167 2545 1270 2616 sinis-

206 2669 269 2740 tris
300 2664 610 2766 archipraesnlibus
641 2663 847 2735 Treverensi
884 2678 920 2734 et
959 2665 1226 2760 Mogontinensi
1243 2668 1267 2754 ⁴,

207 2786 305 2861 Sacri
334 2783 476 2883 Imperii
509 2780 725 2862 electoribus¹
754 2778 946 2875 multisque
972 2778 1150 2872 ducibus,
1180 2803 1270 2852 mar·

207 2902 399 2984 chionibus
433 2913 469 2972 et
504 2896 722 2987 comitibus,
759 2896 907 2967 ltletensi
938 2895 1045 2967 etiam
1073 2896 1267 2996 episc0p0,

249 3126 277 3182 l.
298 3120 466 3182 correction
483 3115 661 3186 ndcessaire,
677 3111 748 3170 mais
764 3131 824 3170 non
839 3131 890 3190 pas
905 3110 1127 3197 incontestabte,
1151 3109 1191 3169 du
1212 3129 1266 3168 ms.

208 3214 259 3294 qui
273 3224 356 3292 porte
370 3213 482 3284 dejecta
496 3211 593 3264 etalio
609 3207 752 3261 translata
765 3216 840 3260 sunt.

248 3307 276 3362 Ι.
301 3309 370 3381 Ipsa
385 3305 487 3377 platea
508 3295 617 3356 semble
637 3293 774 3370 indiquer
793 3312 851 3370 que
876 3292 1001 3350 l'auteur
1018 3309 1034 3348 a
1049 3288 1113 3363 de‘ja
1131 3290 1211 3368 parld
1233 3293 1270 3354 de

208 3408 282 3456 cette
296 3393 389 3472 place.
405 3391 484 3462 Cela,
496 3389 570 3463 joint
584 3389 600 3444 a
617 3384 830 3442 l'incorrectinn
843 3383 882 3441 du
897 3381 1026 3440 membre
1038 3380 1074 3440 de
1086 3379 1191 3459 phrase
1203 3384 1271 3462 pre-

209 3485 332 3557 ce'dent,
355 3478 537 3540 autoriserait
554 3477 699 3555 peut-etse
714 3477 730 3530 a
746 3493 888 3552 supposes
906 3477 1015 3551 qu'une
1031 3483 1113 3530 autre
1130 3471 1236 3550 phrase
1252 3493 1269 3532 a

208 3576 254 3634 ete
267 3573 358 3632 umise
372 3571 442 3629 dans
455 3568 483 3628 la
499 3563 702 3642 transcription
714 3563 753 3622 du
769 3583 822 3621 ms.

250 3667 279 3724 3.
305 3687 319 3717 α
343 3666 506 3739 Imperator
519 3652 695 3716 vestiebatur
713 3652 805 3710 textili
824 3670 913 3725 auru,
928 3649 1016 3709 vestis
1034 3649 1071 3709 ad
1092 3649 1181 3730 pedes
1198 3673 1268 3732 pro-

209 3755 271 3816 fusa
281 3764 310 3812 et
323 3751 432 3810 circum
446 3748 552 3806 collum
567 3741 706 3822 replicita,
724 3759 833 3822 perque
844 3739 994 3812 humeros,
1005 3759 1087 3798 more
1097 3743 1267 3813 Tuscorum,

209 3861 323 3923 sparsa,
340 3837 432 3898 limbo
449 3836 558 3894 circum
574 3829 665 3911 pedes
679 3849 851 3906 manusque,
865 3828 990 3908 ingentis
1007 3830 1092 3906 pretii
1110 3832 1271 3908 margaritis

210 3925 368 4014 picturat03
384 3929 445 4007 ipse
463 3923 580 4007 grandis
598 3933 685 3990 natu,
705 3919 755 3977 sed
772 3919 879 3977 virenti
896 3918 992 3977 adhuc
1007 3932 1094 3996 atque
1111 3919 1204 3978 solida
1221 3940 1269 3980 se-

208 4036 305 4083 necta.
325 4047 340 4078 »
363 4018 497 4079 Relation
520 4010 681 4072 d’Arnould
706 4009 743 4067 de
764 4010 902 4089 Lalaing,
927 4009 1051 4067 traduite
1067 4029 1103 4068 en
1125 4008 1196 4067 latin
1216 4029 1270 4088 par

209 4115 286 4176 aod.
301 4111 445 4194 Agricola.
462 4105 583 4186 Lenglet
598 4103 775 4178 Dusresnoy,
789 4103 955 4173 Comminus,
971 4112 991 4158 t.
1005 4103 1059 4170 111,
1075 4119 1104 4177 p.
1122 4101 1191 4159 259.

251 4207 280 4264 l.
292 4209 365 4264 Jean
380 4203 416 4262 de
428 4199 518 4270 Bade,
533 4195 714 4272 archeveque
730 4191 766 4250 de
779 4195 896 4267 Tretos,
909 4204 937 4250 et
948 4189 1082 4268 Adelphe
1099 4188 1135 4247 de
1145 4193 1266 4264 Nassau,

210 4296 394 4372 archevdque
406 4292 444 4350 de
457 4295 609 4366 Mayence,
623 4282 714 4364 grand
728 4281 891 4342 chaucelier
906 4279 942 4338 de
953 4279 1102 4355 l'llmpire.
