3272 5182
565 545 675 604 amaa
693 543 895 613 SECUNDUS.
1203 546 1261 609 183

203 676 444 772 molitionem,
469 677 637 774 quaesibi
660 692 787 750 contra
810 703 849 752 se
872 691 951 757 tum
974 675 1258 777 praeparabatur,

201 794 329 869 avertit
359 808 394 866 et
420 817 610 866 vanescere
634 793 728 868 fecit.
753 798 796 866 Et
820 795 963 892 utique,
998 809 1261 894 competente

201 910 372 984 amicitias
384 909 430 981 ad
441 911 635 981 Henricum
648 933 769 1005 regem
779 908 961 981 habuisset
971 910 1044 1006 (cui
1056 913 1261 1009 propinqua

201 1025 284 1096 satis
302 1039 377 1097 erat
397 1049 440 1096 ex
456 1039 619 1097 materno
637 1029 780 1122 genere¹
797 1024 1012 1120 cognatione
1028 1025 1263 1122 conjunctus)

201 1139 393 1238 fuissetque
417 1141 573 1240 partium
595 1165 742 1213 suarum
766 1140 964 1232 studiosus,
986 1153 1022 1212 et
1041 1141 1148 1218 etiam
1172 1153 1262 1214 tem·

201 1280 290 1354 pore
309 1281 384 1354 quo
402 1273 502 1357 pater
524 1282 608 1330 suus
631 1255 801 1330 Eduardo
813 1247 1009 1330 ¹manifeste
1028 1256 1169 1338 [avebat
1180 1311 1191 1350 ,
1214 1259 1261 1332 ad

200 1371 316 1444 foedus
332 1399 415 1446 curn
433 1373 601 1446 Edoardo
621 1370 821 1447 ineundum
839 1387 947 1471 atque
968 1372 1168 1448 feriendum
1185 1401 1261 1450 non

201 1488 301 1560 facile
320 1491 483 1563 animum
505 1489 724 1580 inclinasset,
748 1489 834 1580 nisi,
859 1489 908 1560 ob
931 1491 1021 1587 regis
1040 1496 1261 1568 Francorum

200 1605 386 1679 molimina
413 1629 492 1703 quae
515 1604 628 1678 insui
655 1605 802 1677 esitium
826 1604 914 1682 illud
936 1607 1127 1705 praeripere
1150 1633 1260 1684 cona·

199 1719 343 1810 bantur,
361 1709 567 1794 necessitate
581 1722 788 1820 compulsus
802 1721 933 1796 nisset.
950 1720 1020 1794 Sed
1034 1747 1118 1810 cum
1132 1722 1170 1796 id
1186 1737 1260 1807 tam

200 1852 363 1911 accurate
383 1837 520 1935 exquiri
538 1836 729 1910 adversum
749 1861 787 1910 se
807 1839 1047 1937 conspiceret,
1070 1840 1260 1920 necessitas

200 1951 266 2026 sibi
288 1952 450 2026 incubuit
467 1968 506 2027 ut
528 1952 594 2026 sibi
610 1952 775 2026 consulto
793 1953 997 2052 provideret
1013 1952 1255 2028 adversarios-

199 2094 269 2168 que
284 2070 507 2167 praeveniret,
527 2070 558 2142 si
573 2067 691 2143 salvus
707 2083 743 2141 et
759 2068 962 2158 incolumis,
979 2071 1009 2142 si
1026 2070 1162 2171 integer
1178 2096 1260 2170 per·

199 2189 321 2260 sistere
339 2187 457 2260 vellet.

247 2304 357 2376 Vacui
377 2305 496 2401 itaque
512 2305 655 2402 suisque
678 2302 832 2375 frustrati
852 2302 1039 2376 conatibus
1060 2306 1151 2402 regis
1172 2329 1258 2380 ora·

197 2433 309 2512 tores,
335 2443 500 2494 remenso
520 2419 627 2512 mari,
653 2416 700 2489 ad
723 2418 869 2516 propria
888 2420 1019 2490 reversi
1036 2423 1149 2495 sunt’.
1171 2425 1258 2509 Quae

197 2561 253 2608 res
281 2535 374 2608 iliius
402 2533 528 2635 perfidi
552 2533 602 2616 ¹de
633 2533 803 2606 Warviclr
833 2533 995 2606 animum
1024 2558 1098 2608 non
1129 2560 1258 2636 parum

197 2653 364 2745 offendit,
384 2653 499 2725 sedin
517 2651 645 2724 odium
658 2650 815 2722 Edoardi
833 2651 1062 2723 vehementer
1075 2652 1255 2750 accendit3

197 2771 297 2871 qnod
320 2771 384 2842 etsi
405 2783 508 2861 tunc,
528 2783 712 2868 premente
731 2781 846 2858 metu,
866 2765 1099 2839 dissimulavit
1124 2791 1165 2840 ac
1191 2769 1259 2846 sub

197 2899 341 2986 pectore
357 2887 455 2976 texit,
471 2909 546 2958 non
563 2893 684 2956 'tamen
697 2909 718 2958 a
730 2883 905 2958 memoria
913 2883 980 2956 sibi
994 2884 1124 2958 excidit
1140 2885 1262 2968 simui·

196 3015 385 3101 tatemque‘
396 3027 537 3102 semper
556 3000 684 3074 exinde
704 3000 894 3072 adversum
913 2999 1122 3074 Edoardum
1141 3027 1259 3082 serva-

197 3122 266 3208 vit,
293 3135 329 3192 et
355 3118 554 3216 anglicanis
579 3117 722 3216 populis
747 3141 814 3216 pro
840 3115 976 3189 viribus
1000 3142 1083 3221 enm
1109 3142 1258 3192 exosum

237 3386 264 3440 i.
288 3385 326 3442 Sa
336 3375 530 3462 grand’mere,
545 3379 573 3437 ia
588 3377 693 3438 femme
704 3378 745 3438 du
760 3379 805 3439 roi
817 3383 889 3440 Jean
904 3378 941 3438 de
954 3379 1104 3474 Portugai,
1119 3379 1188 3438 etait
1202 3397 1259 3440 une

195 3473 340 3554 princesse
353 3473 566 3532 deLancastre.
1040 3526 1046 3533 ,

234 3567 265 3626 2.
291 3591 304 3617 ι
325 3567 368 3622 En
381 3583 414 3622 ce
427 3575 519 3640 temps
531 3561 611 3630 (aodt
627 3563 713 3636 taor)
728 3561 932 3620 retournerent
945 3559 985 3619 du
1001 3559 1152 3638 royaulme
1166 3559 1259 3620 d’An-
1361 3583 1363 3588 ¹

195 3652 318 3732 gleterre
338 3655 405 3732 Mgr
423 3648 573 3709 l’Admiral
591 3661 620 3707 et
633 3648 742 3708 auitres
755 3647 856 3708 dessns
872 3667 1020 3724 nommez,
1035 3650 1086 3726 qni
1101 3649 1183 3727 ainsy
1197 3651 1260 3708 s'en

194 3744 315 3802 estoient
327 3743 389 3804 alez
404 3760 477 3800 arec
495 3738 581 3799 iedict
599 3739 636 3797 de
652 3738 796 3798 Wamvich
811 3757 850 3796 ou
865 3756 938 3816 pays
954 3736 1167 3818 d’Angleterre.
1186 3743 1258 3797 Les-

193 3832 278 3910 quciz
291 3853 311 3911 y
328 3833 533 3892 demonrerent
549 3830 751 3912 longuement,
768 3841 797 3887 et
810 3834 861 3906 n'y
873 3828 977 3891 seirent
989 3829 1063 3894 rien.
1078 3835 1112 3888 m
1123 3848 1175 3910 par
1190 3826 1259 3887 eulx

194 3922 283 3982 ledict
295 3943 348 4002 roy
362 3921 562 4002 d'AngIeterre
578 3920 683 3980 envoia
703 3939 741 3978 au
761 3937 816 3996 roy
833 3917 884 3977 des
907 3930 1036 3999 trompes
1058 3918 1095 3978 de
1109 3919 1210 3978 chasse
1231 3928 1260 3975 et

193 4013 347 4074 bonteiiies
361 4013 397 4073 de
409 4033 491 4092 cuyr,
507 4011 683 4073 allencontre
696 4011 748 4071 des
760 4009 851 4068 belles
862 4009 958 4089 pieres
971 4011 1047 4085 d’or,
1058 4028 1171 4089 couppe
1182 4005 1258 4083 d’or,

195 4103 345 4178 vaisseiie,
365 4101 518 4182 pierreries
538 4114 567 4162 et
588 4101 696 4162 aultrcs
717 4099 807 4159 belles
829 4099 1003 4183 besoingnes
1028 4122 1086 4182 que
1108 4101 1135 4160 ie
1160 4119 1214 4178 roy
1232 4111 1262 4159 et

194 4193 302 4254 anltres
311 4193 461 4275 seigneurs
470 4192 586 4251 avoient
595 4190 707 4250 donner
716 4187 814 4251 audiet
823 4191 1055 4252 Warwichason
1066 4201 1257 4271 pertenent.»

194 4281 361 4363 Chronique
379 4279 577 4386 scandaieuse.
