3384 5184
377 520 434 576 tto
647 515 902 573 fflsrotttsttutt
921 511 1098 570 LUDOVICI
1116 513 1159 568 XI

378 650 551 724 inferioris
579 649 804 720 Normanniae
828 645 1104 743 composuisset,
1124 644 1292 716 omnibus
1317 644 1365 715 ad
1394 669 1431 716 se

377 783 475 856 metu
506 767 626 865 potius
661 789 769 863 quam
794 761 1043 836 benevolentia
1075 763 1235 836 retractis
1266 777 1300 834 et
1327 787 1433 836 revo-

376 883 476 975 catis,
493 896 529 954 et
540 897 641 981 pacta
661 880 837 952 nonnulla
854 903 936 951 curn
953 879 1045 950 duce
1063 878 1250 951 Britannia
1263 891 1299 949 et
1314 877 1433 950 lictas¹

377 997 549 1094 quasdam
558 997 728 1068 amicitias
738 993 994 1083 conciliasset¹,
1009 1018 1131 1066 versus
1145 993 1430 1090 Rothomagum‚

377 1114 500 1210 inquo
517 1112 636 1186 adhuc
650 1111 756 1182 lrater
769 1133 853 1181 suus
869 1109 1002 1202 stabat,
1022 1127 1073 1181 est
1089 1133 1262 1182 reversus.

425 1229 511 1320 Sed,
532 1228 631 1325 quod
648 1224 912 1299 obmittendum
937 1249 1012 1296 non
1035 1239 1106 1315 est,
1126 1249 1209 1296 cum
1236 1223 1283 1296 ad
1310 1248 1432 1322 preces

378 1344 393 1440 (
403 1358 442 1416 ut
457 1343 596 1438 aiebat)
616 1343 717 1414 ducis
739 1342 944 1432 britannia,
964 1341 1136 1438 quasdam
1153 1341 1356 1414 abolitionis
1372 1366 1431 1439 ge·

378 1457 674 1550 amalsitanae,
690 1455 942 1554 amplissimam
955 1470 990 1526 et
1006 1456 1304 1555 expressissimam
1318 1458 1433 1528 conti·

378 1587 502 1646 nentes
518 1573 684 1662 sormam,
704 1572 933 1644 concessisset
949 1583 985 1644 et
1001 1571 1134 1668 ubique
1148 1569 1320 1670 publicari
1336 1595 1434 1645 man·

378 1687 495 1762 desset
509 1689 591 1787 (per
603 1713 713 1788 quam
725 1686 906 1778 omnibuS,
921 1686 967 1757 ad
979 1711 1016 1759 se
1028 1703 1064 1760 et
1075 1711 1177 1760 suam
1192 1685 1433 1760 obedientiam

377 1806 493 1878 redire
512 1806 731 1896 volentibus,
757 1803 976 1898 indulgentia
1002 1804 1217 1902 amplissima
1224 1858 1234 1894 ,
1263 1819 1298 1876 et
1319 1830 1434 1902 quan·

379 1937 450 1994 tam
467 1936 564 1994 carta
581 1923 753 1993 sustinere
771 1918 826 1990 vel
843 1919 1007 1990 dictantis
1022 1921 1206 2015 ingenium
1227 1918 1435 1993 adinvenire

378 2051 559 2135 potuerat,
579 2037 654 2108 sine
674 2034 747 2106 ullo
765 2033 905 2106 delectu
929 2034 1172 2130 praestabatur,
1189 2057 1251 2106 sex
1263 2034 1436 2110 duntaxat

378 2152 552 2247 personis,
569 2149 703 2222 ibidem
721 2148 924 2240 nominatiS,
941 2148 1146 2248 exceptis³),
1160 2147 1280 2246 plures
1294 2165 1432 2242 tamen,

377 2268 506 2364 quide
529 2291 571 2340 ea
593 2268 711 2338 minus
733 2263 895 2337 consulte
914 2265 1040 2336 conlisi
1060 2279 1179 2356 erant,
1203 2263 1433 2363 deprehensi,

378 2405 551 2479 aquarum
568 2380 782 2478 gurgitibus,
801 2379 906 2451 variis
924 2379 961 2449 in
978 2379 1066 2450 locis
1083 2377 1324 2476 (prohdolor)
1341 2380 1437 2475 ejus⁸

379 2499 561 2597 praeceptis
591 2497 752 2571 sullocati
783 2512 818 2570 et
850 2497 1014 2569 exstincti
1046 2495 1226 2590 suerunr,
1251 2498 1309 2569 vel
1332 2497 1436 2570 variis

418 2727 448 2782 1.
471 2728 573 2782 Factus
588 2721 659 2783 dans
672 2723 699 2782 le
715 2743 769 2784 ms.

418 2815 447 2869 2.
470 2815 604 2884 dcam,
625 2812 698 2870 ainsi
720 2831 777 2888 que
798 2808 1058 2883 l'auteur'l'ajoute
1080 2808 1144 2887 plus
1168 2809 1246 2884 loin,
1274 2809 1301 2867 le
1330 2811 1368 2867 23
1387 2808 1437 2866 de·

378 2899 493 2960 cembre
509 2904 596 2959 1165.
616 2903 741 2958 Ordonn.
757 2900 807 2959 eles
820 2908 876 2958 rvis
889 2903 926 2956 de
938 2901 1062 2973 Franco,
1078 2901 1162 2971 XVI,
1179 2903 1246 2958 118.

420 2992 447 3048 3.
471 2994 524 3050 Ces
544 2990 588 3046 six
610 3007 768 3067 personnes
792 2988 896 3046 etaient
919 2985 1051 3062 leveque
1073 2987 1110 3046 de
1130 2992 1263 3066 Bayeux,
1289 2988 1376 3047 Iouis
1400 2987 1436 3046 de

379 3081 536 3152 Harcourt3
551 3082 623 3136 Jean
635 3076 672 3134 de
686 3077 835 3150 Lorraine‚
854 3087 947 3134 comte
963 3075 1000 3134 de
1019 3081 1177 3146 llarcourt3
1194 3081 1266 3135 Jean
1285 3076 1320 3135 de
1338 3077 1435 3153 Beuil,

378 3180 471 3225 comte
484 3166 520 3224 de
535 3171 673 3225 Sancerre
684 3187 692 3236 3
705 3164 802 3222 Pierre
814 3162 990 3233 d’rlmboise,
1002 3164 1139 3243 seigneur
1151 3165 1187 3224 de
1200 3166 1437 3225 chaumont-sur·

379 3260 474 3333 loire,
491 3271 519 3318 et
536 3277 588 3316 son
605 3256 649 3314 fils
662 3255 738 3328 alne,
754 3255 872 3315 Charles
886 3256 1069 3331 d'Amboise;
1086 3261 1162 3317 enfin
1176 3263 1249 3319 Jean
1262 3259 1298 3318 de
1310 3259 1435 3328 Daillon,

378 3347 513 3426 seigneur
530 3347 569 3404 du
583 3346 676 3409 Lude.
689 3345 872 3425 L’exception
891 3365 928 3405 ne
942 3345 1064 3406 subsiste
1078 3348 1144 3426 plus
1156 3369 1214 3426 que
1225 3369 1300 3428 pour
1310 3349 1355 3408 les
1369 3348 1438 3407 trois

379 3435 508 3494 derniers
527 3436 599 3496 dans
617 3456 657 3495 un
680 3435 780 3516 rappel
801 3435 837 3494 de
861 3434 889 3494 la
908 3437 1002 3494 meme
1024 3435 1156 3496 amnistie
1173 3455 1210 3496 en
1227 3437 1293 3498 date
1306 3436 1345 3498 du
1366 3437 1437 3498 mois

378 3523 476 3583 d'aodt
492 3525 580 3587 lton.

418 3617 447 3670 1.
468 3617 522 3671 Eis
537 3613 608 3674 dans
623 3615 650 3673 le
666 3634 721 3674 ms.

418 3707 448 3762 5.
471 3702 602 3764 allusion
620 3725 657 3764 au
677 3705 807 3785 supplice
830 3703 866 3764 de
890 3709 962 3764 Jean
987 3703 1177 3775 Leboursier,
1202 3705 1339 3783 seigneur
1359 3705 1438 3764 dits-

378 3803 489 3870 terrmy,
508 3813 646 3853 receveur
659 3792 776 3873 general
790 3793 826 3852 de
842 3793 1026 3855 Normandie.
1048 3793 1072 3851 Il
1093 3793 1135 3850 lut
1148 3795 1225 3870 noya
1242 3793 1314 3853 dans
1327 3795 1436 3866 l’Eure,
1508 3824 1510 3834 ν

331 3895 334 3906 ·
378 3901 414 3940 en
428 3886 522 3942 meme
539 3895 630 3963 temps
643 3887 734 3961 qu’un
752 3883 849 3942 moine
863 3882 997 3962 augustin
1012 3900 1082 3940 aver
1096 3880 1191 3958 lequel
1206 3881 1224 3940 il
1244 3882 1337 3942 s'etait
1349 3883 1438 3942 sauve

378 3971 414 4032 de
427 3977 540 4031 Roucn.
556 3976 594 4032 Ge
607 3973 657 4033 lait
678 3985 721 4032 est
740 3972 875 4053 rapporte
892 3971 950 4030 ala
964 3971 1030 4030 date
1044 3970 1083 4030 du
1099 3975 1141 4030 1⁸¹
1158 3972 1273 4045 janvier
1291 3977 1369 4033 1166
1386 3991 1439 4051 par
1525 3973 1529 3982 '

378 4061 406 4120 la
419 4061 583 4138 Chronique
598 4061 798 4133 scandaleuse,
814 4061 864 4140 qui
875 4061 972 4134 ajoute
986 4083 992 4116 :
1007 4085 1020 4112 κ
1034 4059 1123 4119 Audit
1136 4071 1244 4140 temps,
1259 4062 1357 4122 luront
1370 4060 1439 4140 plu·

377 4149 469 4232 sieurs
488 4168 661 4229 personnes,
681 4150 805 4208 olliciers
822 4163 852 4208 et
872 4162 968 4210 autres
991 4148 1074 4208 dudit
1095 4171 1165 4230 pays
1185 4151 1221 4210 dc
1244 4151 1435 4224 Nomundie‚

377 4239 512 4298 executez
527 4250 556 4296 et
568 4256 659 4315 noyez
670 4257 723 4314 par
736 4237 763 4295 le
775 4241 891 4316 prevost
906 4236 956 4298 des
968 4238 1178 4322 marescbaulx.
1194 4265 1207 4294 ι
