3272 5182
574 519 682 574 usna
699 517 861 574 rnnrms.
1135 489 1138 496 ’
1184 517 1241 574 atr

194 669 311 741 regem
330 650 546 718 Francorum
568 645 662 719 bello
684 659 736 718 est
759 646 916 718 adortus.
936 645 1131 720 Verebatur
1145 648 1242 718 enim

193 760 444 832 criminationis
463 775 568 859 atque
584 762 734 835 infamiae
747 762 853 835 talem
870 777 1013 858 tamque
1030 776 1169 860 turpem
1181 786 1244 833 no-

194 887 266 948 tam
285 878 480 968 incurrere,
501 889 540 950 ut
565 891 636 950 tam
657 878 863 951 solemniter
883 879 1038 976 percussi
1060 891 1096 948 et
1116 878 1242 950 sacrati

194 991 334 1070 foederis
361 992 457 1090 apud
481 993 674 1082 Peronam,
692 993 748 1066 vel
774 1018 856 1066 cum
877 994 1024 1064 minima
1045 1017 1086 1065 ac
1105 994 1243 1065 tenuis-

194 1109 282 1192 sima
294 1107 516 1206 apparentia,
538 1107 705 1180 infractor
720 1105 766 1180 ab
782 1108 901 1203 aliquo
920 1107 990 1179 dici
1007 1112 1154 1206 posset¹.
1174 1107 1243 1180 Sed

193 1223 230 1293 in
243 1221 313 1294 boc
324 1215 399 1293 non
412 1223 543 1320 quievit
556 1229 772 1295 Francorum
786 1248 866 1312 rex,
881 1247 947 1295 nec
959 1247 1043 1295 suus
1056 1221 1243 1321 praedictus

193 1337 532 1411 connestabularius.

241 1458 373 1527 Verum
390 1455 496 1528 etiam
514 1470 549 1528 et
572 1453 728 1526 nobilem
750 1455 1021 1527 Ambianensem
1043 1455 1240 1543 civitatem,

193 1569 472 1666 repugnantibus
491 1595 557 1641 nec
580 1568 850 1643 assentientibus
872 1567 1135 1641 honestioribus
1157 1570 1244 1640 civi·

193 1682 260 1755 bus
280 1684 369 1777 loci,
399 1685 492 1782 vulgi
513 1687 683 1786 praecipiti
705 1703 741 1759 et
765 1686 964 1759 inconsulta
988 1701 1094 1783 atque
1112 1688 1243 1758 tumui·

194 1799 306 1872 tuaria
324 1799 492 1893 factione,
511 1802 670 1874 similiter
695 1803 842 1901 recepit,
870 1817 903 1874 et
925 1826 946 1874 a
968 1801 1069 1872 ducis
1083 1807 1242 1896 Burgun-

193 1913 345 1986 dionum
362 1915 498 1988 ditione
514 1915 682 1988 abstraxit
690 1921 713 1989 ¹.
738 1921 779 1988 Et
801 1919 918 2016 primo
940 1915 1105 2015 quidem,
1125 1941 1244 1989 cuma

194 2031 296 2103 certis
318 2033 600 2122 commissariis⁸‚
627 2033 731 2129 regiis
754 2033 968 2132 quibusdam
992 2034 1152 2130 equitum
1174 2047 1245 2104 tur-

194 2149 260 2218 mis
296 2149 452 2240 sociatis‚
489 2151 655 2222 summati
684 2175 726 2222 ex
759 2164 859 2247 parte
893 2151 984 2246 regis
1014 2149 1245 2246 requisitique

194 2260 340 2334 fuissent
366 2279 406 2336 ut
430 2289 505 2338 sese
530 2265 724 2354 dederent,
753 2265 903 2337 consilio
931 2264 1160 2362 prudentium
1181 2263 1245 2335 ho·

194 2379 461 2479 nestiorumque
492 2383 641 2455 civitatis
670 2407 708 2454 se
739 2381 986 2454 honestissima
1013 2380 1245 2479 responsione

194 2494 410 2589 tutabantur,
426 2511 662 2596 poterantque
680 2521 820 2596 semper
835 2496 960 2568 eadem
979 2520 1015 2568 se
1039 2494 1244 2568 defensione

195 2615 306 2703 tueri,
332 2614 361 2683 si
383 2615 421 2685 in
441 2613 567 2686 eadem
589 2614 761 2686 sententia
785 2612 878 2684 firmi
899 2611 1073 2710 solidique
1098 2612 1246 2684 fuissent

195 2751 237 2800 ac
254 2731 462 2803 mansissent
471 2733 493 2800 ⁸.
516 2734 736 2830 Responsum
749 2729 845 2800 enim
863 2743 949 2802 tunc
966 2728 1126 2800 consulte
1141 2727 1245 2801 dede·

235 2991 263 3046 t.
285 2989 488 3068 Appreciation
502 2989 668 3049 tres-fausse
681 2987 732 3048 des
748 2989 928 3070 dispositions
941 2987 980 3048 du
994 2990 1064 3061 dne,
1082 2991 1132 3068 qui
1146 3008 1245 3069 regar·

196 3075 255 3136 deit
268 3077 295 3138 le
309 3079 391 3138 traite
404 3079 441 3139 de
455 3079 584 3139 Peronne
597 3098 709 3138 comme
725 3099 828 3158 rompu
845 3099 897 3158 par
910 3079 938 3138 ia
951 3079 1096 3158 receptior
1110 3079 1146 3138 de
1158 3083 1243 3138 War-

195 3166 265 3224 wick
282 3166 474 3240 (Chasteiain,
489 3180 561 3246 part,
578 3171 638 3242 111,
657 3167 704 3226 ch.
725 3173 840 3242 exera),
858 3167 928 3226 mais
945 3167 996 3244 qui
1013 3167 1122 3243 croyait
1138 3165 1163 3224 si
1177 3165 1244 3225 bien

195 3255 327 3314 dominer
346 3257 433 3315 Louis
449 3258 492 3314 xt
511 3277 564 3336 par
579 3258 607 3316 la
625 3277 708 3336 pem,
728 3257 798 3335 qu’il
815 3277 898 3317 nese
916 3257 1013 3318 donna
1026 3256 1053 3314 ia
1065 3257 1150 3335 peine
1163 3257 1193 3314 ni
1208 3254 1244 3314 de

195 3345 294 3402 reunir
311 3364 356 3404 ses
381 3357 511 3422 troupes‚
531 3346 562 3403 ni
575 3346 611 3404 de
625 3359 726 3406 mettre
745 3365 781 3405 en
799 3348 857 3405 etat
870 3347 906 3406 de
920 3345 1036 3404 defense
1054 3345 1095 3403 les
1112 3344 1195 3404 vities
1208 3343 1244 3404 de

196 3432 224 3491 la
246 3435 376 3507 Summe,
390 3433 515 3514 quoique
533 3435 560 3493 le
577 3435 633 3494 duc
650 3435 686 3494 de
702 3435 837 3494 B0urbon
850 3437 892 3495 lui
907 3439 956 3496 etit
971 3434 1066 3494 donne
1080 3454 1147 3492 sous
1168 3433 1244 3492 main

195 3519 278 3600 Paris
292 3519 342 3580 des
354 3523 459 3599 projets
472 3542 529 3600 que
542 3522 570 3581 le
583 3524 627 3582 roi
641 3524 755 3582 formait
774 3536 872 3582 contre
893 3544 940 3584 ces
963 3524 1054 3582 vities.
1070 3523 1243 3596 commines,

197 3609 217 3667 l.
232 3613 286 3683 111,
300 3611 346 3672 ch.
363 3633 385 3669 1.

236 3701 264 3758 2.
286 3703 327 3759 Le
341 3702 360 3758 Ξ
375 3701 480 3760 ferrici·
494 3705 582 3761 tttt.

237 3792 266 3849 3.
288 3792 341 3849 Ces
358 3791 565 3850 commissaires
583 3791 689 3849 etaient
706 3791 747 3849 ies
765 3789 911 3868 seigneurs
929 3789 966 3848 de
982 3793 1085 3868 Tomy,
1100 3789 1136 3849 de
1150 3793 1245 3848 Beau·

198 3890 277 3938 mont
294 3891 324 3938 et
340 3878 376 3937 de
394 3877 539 3938 Pnisieux.
554 3879 624 3937 Voir
641 3879 668 3936 le
686 3877 756 3936 recit
770 3877 823 3934 tire
837 3876 887 3936 des
901 3877 1034 3957 registres
1048 3877 1084 3936 de
1097 3877 1194 3936 t’httet
1208 3876 1245 3934 de

197 3968 265 4028 ville
280 3968 427 4028 d'Amiens
444 3973 534 4049 (Aug.
549 3969 681 4046 thierry,
695 3967 812 4028 Recueil
830 3966 881 4026 des
899 3971 1080 4027 Monuments
1092 3965 1195 4026 inedita
1209 3966 1245 4024 de

197 4057 342 4118 l’flistoire
355 4058 395 4118 du
407 4049 580 4133 Time-litat,
596 4071 618 4118 t.
635 4062 677 4132 tt,
693 4078 722 4137 p.
741 4059 829 4132 399),
845 4057 917 4115 rdeit
929 4057 1016 4116 d’une
1029 4070 1167 4116 tournure
1180 4068 1245 4135 trop

197 4146 343 4222 officieiie,
358 4160 386 4208 et
398 4147 467 4226 qu’if
481 4147 583 4207 faudra
597 4147 728 4206 moditier
742 4167 794 4225 par
806 4146 881 4205 celui
894 4145 930 4205 de
943 4147 1065 4206 Thomas
1077 4145 1173 4206 Basin.

238 4237 268 4295 4.
290 4236 328 4296 lla
339 4237 493 4314 ysernient
503 4237 591 4296 restes
602 4236 626 4294 si
638 4235 664 4294 le
675 4236 731 4326 duc
742 4235 779 4294 de
789 4239 970 4316 Bourgogne,
983 4236 1033 4313 qui
1043 4234 1112 4294 etait
1121 4253 1245 4294 aoeoum
