3402 5186
650 519 760 574 LIBER
779 518 929 576 PRIMUS.
1280 520 1317 578 53

265 647 430 718 stiturum
453 646 580 719 illustri
601 649 749 742 reginae,
773 647 934 744 compari
958 672 1048 735 suae,
1075 647 1189 720 luerat
1215 649 1318 748 polli-

266 777 367 833 crtus.

316 882 485 975 Percepta
498 893 616 950 autem
628 875 695 950 hac
708 877 822 968 clade,
840 877 920 974 pius
936 876 993 948 ille
1008 881 1192 972 Hernicus,
1210 881 1319 954 lidem

266 993 454 1064 hominum
471 1007 670 1064 exsecratus
685 1007 721 1063 et
737 992 914 1063 varietatis
938 1015 1055 1063 rerum
1079 993 1318 1069 humanarum

264 1121 451 1205 pertaesus,
471 1131 555 1177 cum
575 1106 620 1177 de
636 1107 749 1178 Sentis
761 1107 867 1179 etiam
885 1129 1012 1204 parum
1029 1106 1243 1202 confideret,
1263 1137 1320 1183 re·

265 1223 348 1294 licta
363 1222 494 1314 Scotia,
511 1220 557 1293 ad
569 1221 754 1320 quoddam
770 1223 1024 1293 monasterium
1039 1223 1321 1298 monachorum1¹

265 1339 359 1410 circa
375 1335 464 1408 fines
485 1337 584 1434 regni
601 1337 655 1408 sui
673 1336 766 1408 clam
781 1361 819 1408 se
835 1337 998 1408 contulit.
1018 1337 1088 1410 Ubi
1110 1338 1177 1410 sub
1193 1364 1319 1413 mona-

265 1455 324 1528 chi
347 1453 473 1526 habitu
493 1479 613 1552 regem
634 1454 837 1542 occultans,
863 1467 898 1524 et
918 1455 982 1525 Dei
1001 1453 1173 1527 duntaxat
1191 1481 1320 1532 vacans

265 1569 458 1666 obsequio,
477 1595 541 1669 per
558 1569 695 1666 aliquot
712 1572 844 1640 annos¹
860 1570 1001 1665 ignotus
1017 1569 1179 1660 delituit;
1204 1573 1320 1646 donec

267 1712 329 1784 per
359 1685 551 1782 quemdam
582 1684 760 1783 perfidum
788 1683 1004 1756 monachum
1034 1697 1141 1782 atque
1169 1688 1320 1785 impium

197 1819 199 1826 ’
266 1800 456 1894 Edoard0,
485 1800 534 1873 ob
555 1798 788 1872 commodum
815 1798 960 1898 aliquod
986 1802 1183 1898 temporale
1205 1802 1251 1874 ab
1275 1829 1319 1876 eo

265 1916 575 2014 consequendum,
597 1915 758 2014 proditus
776 1930 811 1987 et
827 1914 1002 1987 indicatus
1020 1915 1096 1987 luit.

314 2037 404 2104 Cum
422 2046 540 2104 autem
563 2034 611 2104 ita
632 2031 798 2103 Eduardo
824 2045 912 2103 esset
941 2030 1125 2129 proditus,
1155 2033 1217 2129 qui
1243 2049 1320 2106 tum

265 2146 410 2246 pacifice
424 2152 501 2219 toto
517 2146 719 2244 potiebatur
733 2171 857 2242 regno,
872 2147 986 2217 missis
1002 2145 1221 2236 satellitibus,
1236 2172 1319 2220 eum

250 2263 362 2364 adse
379 2263 584 2335 Londonias
601 2263 760 2334 accersiri
776 2261 893 2358 jussit3
913 2287 987 2358 quo
1002 2261 1083 2334 loco
1105 2263 1141 2332 in
1164 2286 1251 2334 arce
1262 2263 1321 2338 illa

264 2394 403 2470 vetere,
435 2404 515 2476 quae
542 2378 662 2449 Turris
691 2376 960 2448 Londoniarum
987 2376 1204 2475 appellatur,
1236 2403 1319 2452 eum

265 2492 471 2586 recludens,
509 2491 664 2592 praebitis
692 2493 754 2589 qui
788 2494 823 2562 in
852 2493 988 2563 cunctis
1014 2491 1081 2562 sibi
1114 2497 1319 2568 necessariis

265 2611 505 2682 ministrarent
525 2608 814 2705 exactissimeque
835 2605 1080 2696 observarent,
1106 2605 1216 2703 longo
1239 2634 1317 2682 car·

264 2750 344 2798 cere
369 2750 453 2797 eum
476 2724 675 2812 damnavit,
696 2723 926 2820 clausumque
945 2720 1015 2792 illic
1031 2720 1203 2793 custodiri
1223 2723 1315 2795 lecit.

264 2842 387 2932 Qualis
402 2857 521 2914 autem
538 2840 770 2940 postmodum
793 2863 876 2910 eum
893 2838 1036 2909 fortuna
1049 2839 1224 2930 tenuerit,
1253 2863 1318 2910 suo

263 2957 357 3046 loco,
375 2961 451 3028 Deo
464 2955 679 3053 adjuvante,
708 2954 854 3026 inferius
870 2977 1143 3052 prosequemur,
1172 2953 1217 3024 ad
1235 2953 1320 3024 alias

262 3099 318 3146 res
329 3099 393 3171 per
403 3072 636 3159 Ludovicum,
645 3087 726 3144 ante
738 3071 833 3142 hano
846 3070 990 3141 Henrici
1002 3071 1318 3142 incarcerationem

256 3205 393 3286 gestas,
414 3203 575 3261 nostram
592 3187 811 3260 reflectentes
829 3186 1086 3257 narrationem.
1107 3189 1224 3272 Quam
1239 3187 1318 3282 qui·

264 3305 345 3376 dem
364 3303 462 3404 [huc]
480 3328 593 3400 usque
611 3326 712 3374 casus
728 3301 871 3372 Henrici
890 3300 1121 3396 fortunasque
1138 3300 1319 3372 narrando

263 3421 543 3519 perstrinximus,
561 3420 749 3491 occasione
763 3416 937 3488 adventus
947 3414 1087 3487 illustris
1102 3417 1316 3516 Margaretae,

263 3537 458 3635 Anglorum
481 3535 626 3632 reginae,
660 3534 704 3606 ad
723 3532 981 3605 consobrinum
1003 3556 1111 3602 suum
1133 3533 1320 3629 maritique

262 3655 316 3726 sui
334 3655 477 3726 Henrici
493 3652 661 3724 eumdem
681 3649 921 3739 Ludovicum,
943 3654 1161 3720 Francorum
1179 3631 1317 3745 regern,

261 3770 374 3865 gratia
391 3769 511 3840 auxilii
528 3767 716 3863 solatiique
733 3763 779 3836 ab
796 3789 839 3835 eo
856 3763 1194 3859 consequendorum
1214 3791 1221 3832 :
1241 3771 1320 3859 quae

263 3883 346 3956 talia
371 3884 488 3981 qualia
514 3884 663 3955 relatum
691 3879 846 3967 exstitit,
876 3877 1072 3950 adinvenit.
1101 3880 1178 3949 Fuit
1200 3893 1319 3949 autem
1403 3961 1407 3968 .

262 4001 362 4099 prior
388 3997 564 4069 adventus
587 3997 698 4096 ipsius
719 3995 847 4092 reginae
873 3994 909 4064 in
929 3993 1113 4066 Franciam
1130 3993 1176 4066 ad
1199 3992 1321 4064 Ludo-
1424 4064 1429 4072 ,

303 4175 331 4228 1.
356 4173 381 4228 Α
395 4166 560 4249 Abingdou.

304 4263 334 4320 2.
358 4260 489 4320 Pendant
503 4276 543 4318 un
558 4275 595 4317 un
609 4255 778 4318 seulement.
