3282 5168
359 561 417 618 266
631 557 887 615 HISTORIARUM
907 555 1086 612 LUDOVICI
1105 557 1150 612 xt

362 695 576 768 Vonscliere¹
594 709 629 766 et
646 692 814 773 dominus
838 689 1044 782 Wenlocla¹,
1063 714 1147 762 cum
1166 691 1329 790 pluribus
1345 691 1423 764 aliis

360 810 530 884 militibus
548 825 654 907 atque
672 806 872 896 nobilibus3
893 805 1088 906 plurimum
1105 807 1212 878 etiam
1232 835 1250 876 a
1268 808 1345 880 sine
1360 834 1424 880 no·

362 925 458 996 mine
484 924 611 1022 vulgus
631 953 647 992 u
668 923 931 1022 promiscuum,
955 923 1037 1018 qui,
1063 920 1119 992 vel
1142 923 1285 994 Henrici
1307 923 1420 1020 regis,

361 1041 417 1114 vel
435 1041 605 1112 Warvr'cla
625 1040 781 1140 partium
804 1052 996 1110 sectatores
1014 1038 1166 1109 fuerant.
1184 1041 1283 1138 Capti
1302 1054 1425 1112 autem

362 1155 510 1228 suerunt
531 1158 567 1227 in
593 1181 638 1226 eo
659 1153 754 1226 bello
778 1154 1045 1241 Eadmundus³‚
1070 1152 1142 1224 dux
1168 1157 1422 1246 Summerseti,

364 1271 429 1370 [et]
451 1273 551 1343 Prior
567 1295 716 1368 magnus
734 1269 871 1342 ordinis
890 1270 1002 1343 sancti
1018 1268 1192 1341 lobannis
1200 1273 1224 1364 ⁴,
1247 1295 1331 1343 cum
1347 1272 1426 1370 plu-

362 1387 462 1459 ribus
480 1389 586 1460 etiam
603 1386 774 1458 militibus
796 1402 903 1487 atque
927 1385 1123 1476 nobilibus3
1141 1411 1252 1484 quos,
1271 1389 1354 1483 quia
1369 1389 1423 1460 vel

363 1517 526 1575 auctores
543 1502 598 1575 vel
613 1503 815 1575 incentores
831 1501 1049 1574 seditionum
1065 1517 1173 1600 atque
1189 1502 1424 1576 rebellionum

364 1631 490 1690 contra
507 1643 544 1690 se
562 1620 837 1708 suscitatamm³,
862 1643 925 1688 seu
949 1619 1165 1716 pertinacius
1186 1635 1293 1717 atque
1310 1621 1427 1692 acrius

364 1759 487 1807 earum
512 1734 716 1814 defensores
740 1735 905 1823 luissent,
935 1733 995 1805 die
1015 1760 1064 1805 vn
1085 1735 1245 1831 ejusdcm
1270 1737 1422 1828 mensis,

365 1855 440 1952 ipse
457 1877 518 1926 rex
534 1852 722 1926 Edoardus
737 1852 852 1950 capite
871 1849 978 1950 plecti
995 1852 1089 1925 lecit.

715 2173 971 2243 CAPITULUM
999 2173 1076 2242 Xll.

420 2379 577 2448 Quomodo,
589 2395 649 2454 post
659 2381 770 2446 bellum,
779 2381 865 2434 varias
873 2380 964 2434 turbas
973 2393 1000 2434 et
1010 2378 1198 2435 seditiosorum
1209 2381 1378 2435 collectiones

723 2463 866 2518 Edoardus
877 2463 1068 2536 compescuit⁰.

416 2643 590 2717 Confecto
619 2660 740 2718 autem
769 2642 1019 2742 hujuscemodi
1050 2642 1195 2742 praelio‚
1230 2643 1277 2715 ad
1310 2667 1431 2739 regem

368 2785 463 2833 nova
484 2760 601 2834 delata
619 2776 722 2853 sunt,
742 2760 859 2859 quod,
892 2762 988 2832 circa
1015 2771 1133 2859 partes
1163 2761 1263 2855 regui
1291 2774 1431 2858 septen·

371 2877 549 2971 trionales‚
567 2879 603 2951 in
620 2894 655 2950 et
671 2904 737 2978 pro
751 2879 894 2976 querela
907 2878 1050 2949 Henrici
1065 2877 1156 2974 regis
1172 2876 1306 2950 fiebant
1320 2877 1433 2949 turbae

371 3007 405 3066 et
421 2995 682 3066 commotiones
698 3018 835 3090 magnae
847 3008 975 3065 contra
987 3020 1024 3066 sc
1037 2994 1182 3067 illorum
1198 2993 1428 3092 populorum.

372 3108 424 3180 Ad
442 3134 534 3207 quos
553 3125 672 3182 motus
688 3110 992 3208 compescendos,
1009 3135 1056 3182 ne
1074 3111 1110 3182 in
1128 3110 1343 3183 deteriorem
1359 3110 1434 3183 exi-

413 3316 442 3370 l.
465 3317 506 3370 Le
518 3322 613 3370 comte
626 3311 663 3369 de
677 3309 858 3370 Devonshire
866 3355 874 3388 ,
888 3311 1013 3372 Thomas
1028 3314 1186 3389 Courtney.

413 3407 442 3463 ἰ.
465 3403 542 3463 Lord
555 3403 710 3475 Wenlock,
723 3422 907 3484 gouvemcur
921 3403 958 3464 de
971 3403 1074 3466 Calais.
1088 3407 1113 3462 11
1127 3403 1201 3482 perit
1214 3403 1251 3461 de
1261 3402 1290 3462 la
1301 3401 1377 3462 mdo
1392 3399 1433 3458 du

373 3494 430 3554 duc
446 3493 482 3554 de
500 3498 659 3570 somerset,
677 3493 727 3572 qui
743 3499 887 3574 s'aperput
903 3493 974 3574 qu'il
990 3494 1253 3573 songeaitapasser
1267 3495 1284 3550 a
1297 3490 1434 3552 l'ennemi

372 3604 410 3643 au
424 3597 671 3644 commencement
685 3584 720 3643 de
733 3583 761 3643 la
774 3583 900 3644 bataille.

415 3675 442 3733 3.
465 3673 588 3733 Thomas
608 3673 692 3733 Basin
710 3693 728 3733 a
745 3673 858 3753 corrige'
875 3673 912 3732 ici
930 3671 958 3732 la
974 3672 1096 3731 relation
1114 3670 1164 3750 qni
1184 3669 1279 3730 donne
1296 3671 1314 3728 a
1333 3680 1390 3727 tort
1407 3668 1436 3726 le

373 3781 442 3820 nom
456 3754 622 3821 d’lldouard
636 3783 673 3822 au
688 3762 745 3822 duc
759 3763 795 3821 de
808 3766 953 3822 Somerset
968 3761 1110 3836 (Edmond
1124 3759 1283 3833 Beausort).

414 3855 443 3910 l.
467 3851 513 3911 Sir
532 3851 610 3909 John
630 3851 847 3930 Langstrothcr,
871 3851 961 3930 grand
978 3852 1078 3931 prieur
1097 3851 1134 3911 de
1152 3849 1262 3909 l’ordre
1281 3847 1317 3908 de
1337 3845 1436 3906 Saint-

373 3945 445 4001 Jean
458 3940 495 4000 de
508 3938 678 4000 Jerusalem.
695 3944 758 3998 Une
771 3938 836 3998 liste
850 3939 900 3999 des
914 3939 1091 4020 prisonnicrs
1104 3940 1204 4020 plaoee
1218 3939 1303 4018 apres
1319 3935 1348 3995 la
1361 3935 1437 3996 rela-

374 4031 451 4102 tion,
466 4028 537 4088 dans
548 4027 678 4088 t’tdition
691 4028 728 4089 de
744 4029 812 4089 ulte
825 4035 959 4110 Dupont,
975 4029 1090 4112 appelle
1103 4049 1136 4090 ce
1152 4045 1332 4110 personnage
1349 4052 1368 4082 ι
1380 4025 1438 4085 sire

373 4119 467 4180 Jchan
479 4117 696 4202 Longhcustod.
712 4145 726 4173 s

417 4215 445 4267 5.
469 4213 649 4272 Suscitatores
663 4209 735 4268 dans
749 4209 777 4269 le
791 4229 845 4269 ms.

417 4301 446 4360 6.
469 4298 604 4377 Chapitre
617 4297 671 4357 tire
685 4297 722 4356 de
735 4298 765 4357 la
780 4302 874 4358 meme
887 4318 989 4359 source
1002 4319 1059 4377 que
1073 4298 1115 4358 les
1129 4295 1309 4378 precedents.
