3402 5186
376 527 413 582 'ld
645 524 900 582 fflsrotttautut
921 524 1098 583 Lunovtct
1117 525 1161 582 XI

375 659 478 755 regis,
497 645 625 754 magna
642 681 685 728 ex
704 671 804 756 parte
822 655 971 730 lundata
986 672 1022 730 et
1037 657 1160 731 dotata
1180 660 1338 758 :quibus
1353 663 1434 760 jura

375 797 456 865 sua,
475 772 732 872 sub·'praedicta
756 796 907 844 censura
930 773 1195 849 confiscationis
1218 779 1382 877 corporis
1399 764 1437 850 el

374 887 574 979 bonorum,
593 889 654 961 tali
670 887 788 962 edicto
805 887 922 960 ablata
938 904 1033 960 sunt.

718 1159 974 1264 urptrutun
999 1183 1106 1264 xxn.

374 1395 414 1449 De
425 1396 483 1449 aliis
492 1395 598 1450 duobus
609 1397 707 1468 iniquis
717 1397 818 1462 edictis,
830 1409 856 1450 et
868 1395 902 1448 de
915 1395 979 1450 norl
991 1371 1125 1468 vectigalis
1135 1397 1209 1470 apud
1217 1398 1434 1455 Pontem-Arch-

800 1473 1008 1534 introductione.

424 1653 529 1726 Aliud
547 1669 666 1727 autem
684 1654 842 1728 edictum
861 1654 968 1727 etiarn
987 1678 1028 1729 ex
1046 1653 1208 1750 ejusdem
1224 1655 1316 1752 regis
1330 1655 1435 1752 juris-

374 1770 563 1868 prudentia
597 1786 633 1844 et
665 1772 702 1844 in
732 1775 849 1844 Deum
876 1772 1008 1870 pietate
1040 1771 1232 1843 emanavit.
1266 1772 1435 1870 Praecepit

374 1886 471 1958 enim
487 1885 656 1958 omnibus
672 1885 899 1958 ecclesiarum
915 1885 1067 1985 praelatis
1083 1886 1192 1958 totius
1208 1888 1321 1986 regni,
1339 1889 1435 1986 eapi-

375 2002 529 2100 tnlisque
558 2019 593 2075 et
615 2001 873 2075 cathedralium
904 2017 940 2075 et
969 2001 1236 2100 collegiatarum
1263 2027 1433 2100 quarum·

375 2143 530 2216 cumque
542 2118 771 2191 ecclesiarum
783 2119 977 2211 canonicis,
988 2117 1217 2192 ecclesiarum
1233 2119 1433 2194 rectoribus

374 2247 410 2305 et
436 2257 559 2305 earum
584 2233 831 2306 matriculariis
858 2259 919 2306 seu
948 2233 1190 2323 thesaurariis,
1217 2233 1434 2332 cappellanis

375 2346 622 2446 hospitalium,
641 2349 892 2449 leprosiarum,
911 2364 948 2422 et
963 2373 1274 2447 quorumcumque
1289 2337 1432 2448 piorum

375 2476 410 2534 et
426 2462 673 2560 religiosorum
688 2465 1035 2540 administratoribus
1048 2465 1225 2554 locorum,
1242 2479 1430 2563 quatenus,

374 2577 468 2651 inira
482 2595 619 2655 certum
637 2577 829 2656 terminum
849 2581 1051 2682 praelixum,
1068 2581 1269 2654 senescallis
1285 2595 1321 2654 et
1337 2580 1435 2654 balli·

375 2695 440 2786 vis,
459 2695 553 2769 insra
566 2723 723 2795 quorum
740 2699 1002 2771 territoriorum
1019 2697 1148 2770 limites
1165 2697 1285 2770 situati
1301 2695 1430 2786 forent,

376 2808 673 2888 denuntiamenta
695 2838 759 2885 seu
784 2812 1041 2886 declarationes
1067 2810 1251 2884 traderent
1270 2812 1433 2884 omnium

376 2938 551 2998 terrarum
571 2943 606 3000 et
626 2927 861 3026 praediorum,
887 2952 1060 3003 censuum
1083 2942 1189 3026 atque
1209 2925 1431 3018 reddituum,

376 3065 468 3137 quos
481 3041 703 3114 haberentet
716 3043 951 3143 perciperent,
969 3069 1080 3143 usque
1092 3044 1197 3116 etiam
1210 3041 1256 3114 ad
1269 3044 1435 3116 minimas

377 3171 411 3227 et
428 3156 680 3229 minutissimas
692 3173 826 3257 partes3
841 3174 910 3232 eta
928 3185 1001 3260 quo
1014 3175 1178 3259 tempore
1198 3174 1234 3232 et
1247 3159 1434 3258 quomodo

376 3269 583 3364 hujusmodi
605 3273 677 3346 suis
699 3273 873 3368 ecclesiis,
896 3290 958 3348 aut
973 3275 1173 3366 beneficiis,
1192 3274 1249 3347 vel
1265 3273 1435 3348 domibus

377 3386 548 3480 acquisita
570 3387 733 3484 fuissent3
760 3392 993 3491 exprimendo
1015 3418 1122 3493 super
1142 3393 1273 3492 quibus
1295 3393 1435 3493 praediis

377 3498 582 3595 hujusmodi
595 3529 721 3579 census
729 3507 785 3579 vel
795 3508 955 3581 redditus
966 3511 1148 3583 constituti
1160 3508 1295 3598 sorent;
1309 3508 1435 3581 eadem

378 3618 485 3692 etiam
502 3621 634 3719 praedia
650 3649 715 3723 per
726 3624 886 3698 confines
899 3650 1003 3724 agros
1019 3625 1241 3724 designando
1255 3639 1361 3723 atque
1378 3626 1437 3699 de·

378 3736 561 3812 clarando.
582 3742 618 3811 Si
637 3742 698 3839 qui
714 3756 834 3814 autem
850 3756 966 3815 essent
984 3743 1045 3840 qui
1062 3743 1359 3816 denuntiamenta
1372 3767 1436 3816 sua

379 3879 440 3927 seu
451 3854 710 3930 declarationes
721 3859 811 3932 inira
823 3859 1006 3960 praelixum
1020 3861 1242 3954 terminum¹,
1255 3859 1322 3933 sub
1333 3860 1437 3935 dictis

313 3979 314 3984 ’
380 3970 490 4044 modo
512 3972 696 4066 etlorma,
715 3975 864 4048 minime
884 3975 1084 4066 traderent,
1104 3975 1299 4050 mandabat
1315 3977 1437 4048 omnia

420 4183 449 4236 l.
472 4183 511 4239 Ce
534 4193 625 4240 terme
644 4181 712 4242 tuit
733 4181 803 4241 d’un
825 4203 872 4242 an.
900 4185 1099 4240 Ordonnonres
1117 4185 1166 4244 des
1185 4189 1243 4240 rois
1260 4185 1297 4240 de
1315 4185 1436 4256 blance,

380 4278 401 4326 t.
418 4271 496 4339 tw,
511 4289 541 4348 p.
558 4273 608 4330 45.
