3272 5182
424 572 483 628 258
700 567 957 625 fflsrontnnun
978 566 1155 624 LUDOVICI
1176 567 1219 622 Xl

425 703 557 791 sicum,
592 699 668 794 ejus
700 697 904 788 inimicum,
928 720 1045 794 nuper
1076 695 1113 766 in
1142 719 1293 792 regnum
1314 719 1355 766 ex
1379 695 1488 790 longo

423 841 566 890 carcere
587 816 717 888 iterum
739 829 899 887 erectum
920 828 955 887 et
976 813 1227 900 sublimatum,
1248 813 1284 884 in
1303 814 1488 911 captivita-

423 948 496 1007 tem
521 932 692 1031 reposuit.
714 932 815 1029 Cepit
837 931 945 1002 etiam
966 945 1002 1002 et
1021 931 1329 1029 archiepiscopum
1351 930 1487 1003 Ebora·
1531 969 1535 984 ·

425 1075 569 1124 oensem
583 1049 778 1147 plurimum
801 1046 919 1118 eidem
939 1046 1115 1120 faventem
1125 1050 1147 1117 ¹.
1171 1049 1203 1117 Ο
1226 1046 1356 1143 fragilis
1372 1063 1412 1119 et
1432 1071 1488 1118 ca-

424 1166 520 1239 duca
535 1163 689 1237 nimium
704 1163 948 1236 humanorum
962 1162 1184 1258 fastigiorum
1198 1160 1389 1234 celsitudo!
1420 1193 1438 1230 n
1458 1163 1487 1230 Ο

423 1304 617 1380 regnorum
637 1308 653 1344 >³
673 1293 713 1349 nt
729 1279 882 1377 tragicus
898 1278 1077 1374 eleganter
1092 1277 1258 1369 cecinit¹,

801 1475 924 1567 magnis
942 1474 1038 1540 fallax

602 1581 744 1648 Fortuna
760 1583 870 1664 bonis,
889 1583 923 1645 in
938 1582 1092 1672 praecipiti

602 1690 772 1779 Dubioque
788 1689 882 1754 nimis
898 1688 1022 1754 excelsa
1036 1687 1135 1754 locas.

603 1800 775 1887 Nunquam
792 1794 952 1886 placidam
967 1811 1090 1885 sceptra
1104 1795 1243 1884 quictem

603 1909 772 1973 Certumve
788 1906 837 1988 sui
852 1919 982 1969 tenuere
1000 1902 1098 1968 diem

427 2097 563 2170 Cecinit
575 2094 683 2166 etiam
699 2089 819 2163 infelix
836 2089 1016 2182 Priamus,
1033 2113 1156 2162 eversa
1170 2089 1313 2184 'froja⁸:

562 2292 762 2380 Quicumque
778 2311 878 2380 regno
894 2287 964 2354 fidit
980 2305 1013 2356 et
1029 2313 1145 2382 magna
1160 2305 1275 2380 potens

559 2399 750 2466 Dominatur
765 2396 837 2462 aula
842 2447 934 2464 .....

560 2507 614 2574 Me
630 2506 739 2573 videat
755 2523 787 2572 et
804 2523 850 2588 te,
867 2507 976 2592 Troja.
994 2505 1069 2570 Non
1082 2528 1180 2594 nsque
1197 2505 1303 2571 novit‘

562 2619 763 2684 Documenta
777 2639 845 2682 sors
860 2617 999 2701 majora,
1018 2638 1115 2705 quam
1130 2614 1234 2706 fragili
1249 2614 1322 2681 loco

557 2726 684 2792 Starent
698 2724 840 2815 superbi.

425 2925 469 2993 Et
491 2920 538 2993 de
563 2921 673 3018 ipsius
705 2914 966 2990 calamitatibus
994 2930 1101 3014 atque
1129 2915 1334 2990 infortuniis
1366 2915 1481 2989 multae

423 3036 619 3136 tragoediae,
644 3049 679 3106 et
704 3058 823 3132 graecae
842 3047 878 3104 et
895 3033 1029 3124 latinae‚
1056 3032 1158 3105 editae
1182 3048 1277 3106 sunt.
1301 3033 1371 3107 Sed
1397 3030 1479 3132 quid

422 3155 544 3226 infelix
570 3155 636 3224 iste
667 3151 841 3222 Henricus
869 3163 922 3220 est
956 3149 1142 3221 dicturus?
1168 3150 1306 3237 Quibus
1342 3151 1477 3238 verbis,

427 3270 560 3370 quibus
575 3255 741 3365 lacrymis
757 3280 792 3337 et
812 3263 1025 3363 singultibus
1041 3289 1143 3336 suam
1167 3263 1421 3365 deploraturus
1440 3264 1479 3335 sit

461 3504 490 3560 l.
515 3503 644 3579 Georges
652 3499 759 3573 Nevill‚
771 3498 864 3580 grand
878 3499 1042 3562 chancelier
1053 3500 1253 3582 d'Angleterre
1263 3514 1291 3562 et
1300 3503 1478 3580 archeveque

420 3588 545 3662 d’Yorl‚
568 3590 643 3648 frere
663 3589 702 3648 du
722 3602 815 3648 comte
836 3588 872 3648 de
890 3591 1045 3666 wandel,
1069 3611 1126 3668 que
1143 3592 1185 3651 les
1202 3591 1355 3652 historiens
1373 3592 1479 3674 anglais

420 3679 554 3759 rdputent
563 3679 647 3737 avoir
655 3679 700 3737 ete
714 3679 751 3738 de
764 3678 942 3737 connivence
955 3697 1026 3738 arec
1037 3667 1174 3739 Edouard
1186 3683 1225 3744 tv
1237 3681 1277 3740 du
1288 3697 1478 3760 monentque

419 3769 538 3830 celui-ci
552 3781 635 3828 entra
648 3771 665 3826 a
679 3767 820 3830 Londres.

459 3861 489 3918 ἰ.
513 3859 636 3919 Citation
651 3858 687 3917 de
702 3857 925 3937 l'Agamemnon
939 3856 975 3915 de
989 3857 1133 3936 Se'neque.

461 3954 489 4011 3.
513 3951 566 4010 Ces
580 3967 647 4007 vers
661 3959 712 4006 ont
724 3948 768 4006 c'te
783 3948 836 4006 mis
847 3968 901 4027 par
914 3949 1046 4026 seneque
1060 3967 1118 4006 non
1131 3967 1182 4027 pas
1195 3948 1266 4008 dans
1279 3950 1308 4008 la
1319 3949 1433 4010 bouche
1445 3947 1477 4006 de

416 4040 525 4114 Priam,
538 4038 610 4098 mais
621 4037 693 4096 dans
703 4035 775 4096 celle
787 4035 947 4098 d'lldcube.
960 4041 1035 4098 C’est
1044 4037 1259 4097 l’introduction
1269 4037 1305 4098 de
1315 4039 1344 4097 la
1355 4037 1476 4121 tragedie

416 4131 547 4191 intitules
566 4134 663 4188 froas.

456 4223 485 4280 t.
505 4226 614 4279 Erreur
630 4219 667 4277 de
685 4217 824 4277 mc'moire
840 4217 890 4295 qui
905 4218 977 4277 rend
998 4217 1025 4276 le
1041 4237 1109 4278 vers
1127 4219 1207 4282 faux.
1226 4223 1281 4279 Les
1300 4233 1390 4280 textes
1407 4237 1473 4300 por·

414 4321 475 4368 tent
488 4329 542 4368 uon
558 4329 679 4386 unquam
695 4312 770 4365 tulit.
