3272 5182
375 555 433 610 tta
650 547 906 610 HISTORIARUM
925 547 1103 606 LUDOVICI
1122 548 1166 604 XI

375 682 569 756 fidelissimi
595 681 730 780 absque
754 681 875 777 aliquo
903 703 1029 778 eorum
1057 692 1206 780 sumptu
1230 679 1440 755 exstiterant

374 826 438 899 per
456 825 571 874 annos
589 801 780 900 plurimos,
805 797 923 870 donec
938 797 1024 896 ipsi,
1049 796 1147 871 velut
1169 795 1268 868 iuriis
1288 795 1439 894 quibus·

374 918 459 992 dam
478 918 615 1015 agitati,
635 931 671 989 et
686 941 750 1016 per
767 939 887 1014 regem
902 918 1122 988 Francorum
1135 913 1190 1011 (ut
1202 912 1385 1010 jactabant
1400 925 1438 984 et

373 1037 600 1110 verissimum
613 1025 827 1132 putabatur)
843 1031 1028 1122 concitati,
1049 1029 1358 1128 quemadmodum
1375 1054 1436 1100 su-

373 1176 440 1248 pra
461 1151 664 1240 retulimus,
689 1162 883 1247 eruperunt
903 1131 1030 1220 contra
1051 1148 1150 1247 pacis
1171 1147 1322 1239 soedera,
1348 1145 1436 1217 olim

373 1291 457 1340 cum
478 1266 582 1339 dictis
603 1279 706 1363 pacta
727 1279 762 1336 et
779 1265 896 1360 jurata
915 1262 1154 1364 principibus,
1177 1288 1305 1336 eorum
1325 1277 1436 1335 terras

373 1382 454 1480 igne
472 1399 512 1456 et
525 1382 619 1455 ferro
639 1379 886 1454 miserabiliter
901 1383 1114 1480 populantes
1130 1395 1166 1452 et
1180 1394 1371 1454 vastantes.

421 1502 515 1572 Cum
530 1499 627 1570 enim
640 1497 863 1572 verissimum
877 1495 920 1570 sit
932 1497 1033 1596 quod
1046 1497 1207 1570 Aurelius
1222 1495 1439 1594 Augustinus.

372 1614 551 1711 eleganter
573 1615 730 1713 scripsit,
754 1615 792 1687 in
816 1614 968 1714 epistola
985 1614 1032 1688 ad
1051 1614 1313 1706 Marcellinum,
1335 1609 1437 1710 quod

374 1759 392 1800 a
414 1731 546 1804 utiliter
570 1732 737 1824 vincitur,
766 1733 824 1803 cui
847 1731 990 1806 licentia
1011 1731 1206 1830 iniquitatis
1228 1729 1393 1828 eripitur,
1415 1756 1433 1793 u

370 1848 479 1922 talem
505 1863 626 1922 autem
654 1848 835 1920 licentiam
860 1862 895 1920 et
920 1847 969 1921 ad
990 1874 1140 1947 quaeque
1164 1847 1259 1921 mala
1276 1846 1437 1918 facinora

371 1989 499 2038 ausum
522 1981 628 2063 atque
655 1965 872 2062 pronitatem
895 1964 999 2039 dictis
1023 1963 1168 2065 perlidis
1190 1979 1227 2037 et
1246 1961 1437 2060 loedifragis

371 2079 601 2153 Eburonibus
626 2079 841 2178 praestabant
863 2106 1014 2153 suorum
1039 2081 1258 2154 munitiones
1280 2079 1434 2180 oppido·

371 2222 471 2287 rum,
489 2211 525 2270 et
544 2197 694 2271 civitatis
714 2222 787 2269 suae
804 2223 903 2271 arma
921 2213 956 2270 et
973 2199 1103 2272 divitiae
1121 2199 1273 2298 (quibus
1290 2198 1374 2271 satis
1392 2221 1435 2268 ex

369 2312 477 2410 longa
492 2313 567 2409 jam
585 2339 671 2413 pace
689 2315 828 2413 praediti
844 2329 879 2387 et
892 2316 1005 2389 sarciti
1018 2321 1157 2414 erant),
1176 2315 1339 2414 prolecto
1354 2315 1436 2386 satis

371 2429 503 2502 utiliter
514 2430 725 2505 consulebat
738 2434 818 2530 paci
834 2446 869 2504 et
885 2432 1129 2530 tranquillitati
1142 2457 1213 2506 suae
1225 2433 1437 2507 vicinarum·

370 2570 442 2642 que
459 2559 634 2618 terrarum
654 2548 837 2621 dictorum
853 2548 1042 2622 illustrium
1059 2549 1247 2622 clementia
1263 2562 1299 2620 et
1314 2545 1435 2646 provi·

369 2660 491 2736 dentia
504 2664 724 2764 principum,
741 2690 784 2738 ea
801 2665 847 2740 ab
861 2667 911 2739 eis
925 2665 1099 2761 tollendo,
1115 2682 1223 2766 atque
1237 2664 1435 2740 minuendo

370 2803 449 2875 quae
467 2779 602 2853 eisdem
625 2782 812 2855 materiam
837 2781 1011 2882 superbiae
1033 2798 1086 2879 et,
1105 2809 1170 2883 per
1186 2782 1275 2875 boc,
1295 2781 1438 2856 seditio-

370 2919 477 2988 num,
496 2896 702 2984 turbarum,
721 2913 830 2996 atque
846 2901 947 2996 igne,
968 2899 1088 2990 ferro,
1107 2899 1263 2973 caedibus
1281 2915 1316 2972 et
1342 2899 1437 2998 rapi·

370 3011 425 3084 nis
442 3013 774 3112 persequendorum
790 3015 1238 3091 vicinorumoccasionem
1257 3017 1435 3089 ministra·

369 3126 471 3202 bant.
498 3131 646 3202 «Multa
667 3131 782 3220 enim,
802 3163 818 3197 u
843 3147 883 3204 nt
900 3133 996 3205 idem
1018 3135 1235 3231 Augustinus
1254 3135 1292 3206 in
1309 3134 1436 3207 eadem

370 3244 521 3344 epistola
537 3245 671 3343 inquit,
693 3273 710 3315 a
732 3271 816 3318 cum
833 3248 970 3340 invitis,
990 3249 1146 3346 benigna
1161 3249 1318 3349 quadam
1334 3273 1437 3347 aspe-

373 3361 476 3446 ritate
489 3361 701 3463 plectendis,
721 3363 858 3461 agenda
876 3380 972 3461 sunt,
988 3392 1147 3466 quornm
1161 3367 1305 3441 utilitati
1317 3367 1437 3466 potius

370 3476 570 3550 consulitur
587 3503 696 3576 quam
713 3479 899 3556 voluntati.
917 3513 935 3553 n
1168 3573 1169 3580 ἵ

422 3599 467 3664 Ut
486 3607 605 3666 autom
626 3596 681 3668 sui
705 3597 855 3672 exitiiet
877 3602 1040 3672 amentiae
1060 3625 1184 3675 causas
1201 3601 1310 3700 paulo
1331 3599 1435 3672 altius

372 3725 589 3813 repetamus,
619 3712 802 3788 habebant
825 3730 910 3790 tunc
933 3720 1143 3818 episcopum
1163 3743 1378 3818 generosum
1401 3732 1435 3790 ct

373 3826 562 3919 illustrem,
578 3831 699 3927 quoad
714 3833 830 3905 carnis
848 3835 1023 3930 originem
1037 3836 1180 3927 attinet,
1198 3835 1431 3925 Ludovicum,

372 3942 472 4018 ducis
488 3944 658 4018 ssorhonii
674 3945 800 4042 lilium,
818 3965 986 4049 nepotem
1000 3969 1085 4023 vero
1101 3977 1143 4023 ex
1156 3978 1281 4026 sorore
1292 3953 1436 4026 illustris

373 4061 543 4162 Philippi,
564 4045 862 4159 Burgundionum
879 4067 995 4160 ducis,
1016 4084 1052 4142 et
1067 4095 1132 4169 per
1151 4069 1223 4144 boc
1240 4070 1435 4148 consobri-

371 4205 457 4252 num
484 4181 617 4274 Caroli,
637 4182 781 4255 illustris
807 4183 974 4259 moderni
996 4187 1096 4262 ducis
1118 4189 1351 4289 Burgundiae;
1372 4189 1434 4288 qui

315 4301 318 4311 '
370 4297 477 4370 etiam
491 4298 652 4394 ejusdem
665 4300 835 4373 Ludovici
848 4326 1022 4399 sororem,
1037 4320 1073 4378 et
1085 4307 1281 4405 apostolica
1294 4307 1435 4406 dispen-
