3384 5184
417 534 474 591 lto
687 531 943 594 fflsroatannn
962 529 1138 587 annotini
1159 529 1203 584 XI

765 825 1020 896 CAPITULUM
1044 825 1120 892 Xll.

466 1025 611 1094 Qromodo
623 1037 751 1081 tentatum
763 1025 813 1080 init
824 1023 924 1078 ducum
934 1025 1106 1080 Normanniac
1116 1037 1142 1080 et
1152 1025 1293 1080 Britanniae
1305 1026 1422 1082 recond-

817 1104 953 1159 liationem
972 1105 1067 1159 iacere.

464 1290 677 1357 Rexautem
701 1285 875 1381 (quinon
900 1282 1069 1355 adalind
1096 1281 1279 1376 inhiabat,
1311 1298 1346 1356 et
1371 1283 1474 1380 cujus

415 1401 533 1473 omnis
549 1401 691 1474 animus
713 1400 760 1475 ad
782 1401 869 1472 tales
890 1397 1053 1471 ferendas
1070 1399 1127 1470 vel
1147 1397 1320 1471 fovendas
1337 1396 1475 1470 dissen-

413 1519 533 1590 siones
548 1515 774 1606 intendebat,
795 1529 835 1588 ut
850 1515 896 1589 ad
917 1514 1005 1588 fines
1022 1539 1044 1588 a
1061 1539 1098 1586 se
1121 1516 1262 1614 cupitos
1279 1515 1474 1613 aliquando

413 1633 600 1733 pervenire
629 1633 779 1731 posset),
804 1631 867 1704 tali
888 1631 935 1703 ad
955 1655 994 1704 se
1016 1655 1162 1702 rumore
1185 1630 1344 1730 perlato,
1368 1632 1475 1705 rebe-

416 1763 554 1822 menter
579 1763 632 1822 est
656 1749 816 1846 gavisus,
844 1748 956 1846 ipsius
981 1748 1169 1820 Britanniae
1194 1748 1296 1820 ducis
1323 1773 1405 1846 erga
1436 1775 1475 1822 se

415 1863 741 1937 reconciliationem
764 1862 922 1934 laetanter
943 1863 1160 1962 suscipiens,
1191 1879 1227 1936 et
1242 1862 1393 1935 libenter
1411 1865 1475 1937 ad-

417 1973 559 2043 mittens
577 1985 685 2067 atque
707 1993 889 2060 aunuens;
917 1969 1098 2068 ipsiusque
1128 1969 1337 2046 satellitibus
1358 1988 1475 2044 custo-

415 2086 493 2157 dias
506 2085 689 2156 civitatum
710 2096 746 2155 et
768 2083 987 2181 oppidorum
1004 2085 1149 2181 majoris
1166 2086 1276 2185 partis
1290 2091 1475 2160 Norman-

416 2200 502 2289 niae,
521 2224 611 2297 quas
628 2199 776 2270 nomine
793 2183 933 2270 domini
956 2201 1095 2292 Caroli,
1114 2202 1341 2275 Normanuiae
1357 2203 1472 2294 ducis,

417 2329 647 2414 receperant,
679 2313 924 2414 plurimosque
953 2313 1112 2388 bonores
1142 2317 1180 2387 in
1211 2319 1393 2415 provincia
1425 2320 1475 2390 eis

417 2435 621 2510 concedens
638 2451 674 2509 et
691 2436 849 2524 tradens,
875 2435 922 2508 ad
939 2461 1003 2510 sua
1019 2436 1197 2536 stipendia
1210 2440 1377 2511 trecentis
1397 2439 1475 2512 lan-

417 2552 488 2627 ceis
503 2576 547 2623 ex
563 2551 687 2624 militia
711 2551 812 2624 ducis
833 2551 1040 2638 Britanniae,
1059 2578 1126 2651 pro
1150 2555 1334 2652 prasidio,
1361 2557 1396 2627 in
1420 2556 1474 2628 di·

419 2667 527 2740 versis
541 2667 630 2738 locis
643 2667 869 2740 Normanniae
881 2666 1065 2739 collocatis
1078 2682 1114 2739 et
1130 2667 1340 2742 distributis.

468 2786 674 2856 {ncrastino
689 2797 809 2856 autem
826 2784 1005 2879 ingressus
1017 2783 1119 2855 ducis
1136 2785 1172 2855 in
1186 2785 1470 2882 Rothornagum,

416 2911 663 2968 convenerunt
683 2895 759 2993 ipse
775 2895 944 2966 dominus
960 2895 1108 2968 Carolus
1124 2911 1159 2967 et
1177 2899 1364 2969 Britanniae
1377 2899 1471 2987 dur,

417 3015 455 3086 in
479 3012 564 3086 villa
588 3035 667 3109 quae
694 3026 842 3082 vocatur
866 3013 993 3083 Portus
1018 3012 1313 3085 Sancti-Audoeni
1325 3021 1347 3108 ¹,
1365 3039 1473 3113 supra

416 3131 531 3228 ripam
544 3131 734 3224 Sequanae,
754 3149 868 3223 prope
884 3127 1196 3219 Pontem-Archa,
1211 3128 1423 3203 instantibus
1439 3144 1475 3202 et

416 3239 712 3342 prosequentibus
729 3238 891 3337 plurimis
911 3242 1120 3340 proceribus
1136 3245 1362 3318 Normanniae
1378 3261 1414 3318 ct
1436 3245 1475 3318 il·

414 3356 515 3428 lustri
527 3356 659 3428 comite
673 3355 857 3448 Dunensi,
875 3357 938 3454 qni
954 3359 1037 3430 satis
1053 3358 1473 3436 luculenter'intnebatnr

415 3473 557 3544 ruinam
571 3471 673 3542 ducis
686 3463 932 3563 Normanniae,
952 3472 1011 3546 cui
1024 3473 1173 3548 ducatus
1185 3476 1311 3550 lirmus
1322 3479 1472 3552 nullate·

415 3615 482 3661 nus
496 3613 572 3662 esse
589 3603 749 3687 poterat,
767 3589 852 3679 nisi,
870 3591 1161 3664 reconciliatione
1178 3593 1364 3666 saetacum
1382 3595 1473 3668 duce

416 3706 620 3795 Britannia,
645 3706 719 3804 ejus
740 3730 811 3804 ope
830 3721 866 3778 et
888 3707 1020 3779 auxilio
1037 3709 1156 3797 nixus,
1177 3735 1215 3782 se
1239 3727 1364 3783 contra
1381 3717 1472 3810 regis

412 3823 613 3925 potentiam
646 3826 752 3895 tutari
779 3837 813 3895 et
839 3822 1032 3898 defendere
1059 3842 1192 3926 posset.
1228 3832 1308 3902 Erat
1340 3855 1472 3930 nempe

413 3939 509 4014 velut
525 3938 634 4012 arbor
650 3939 789 4012 noviter
805 3954 906 4012 terrae
923 3942 1104 4034 mandata,
1126 3966 1217 4039 qnae,
1237 3945 1401 4018 nondum
1414 3970 1485 4026 rar

413 4056 551 4129 dicibus
563 4054 687 4127 defixis
699 4055 777 4127 solo
786 4055 957 4145 haerebat,
973 4057 1037 4130 sed
1050 4061 1202 4134 convelli
1218 4059 1319 4135 facile
1332 4077 1472 4164 poterat

452 4267 481 4322 l.
504 4263 779 4324 Port·Saint·0uen.
