3014 5010
317 462 355 520 59
589 457 844 547 fflsaonllnpu
864 456 1040 513 Lunovmt
1060 456 1103 512 Xl

318 591 492 690 oppidum
520 590 687 662 Picardiae
718 615 755 661 se
782 589 970 660 conferret.
1003 585 1110 674 Quod
1141 585 1226 657 licet
1266 585 1392 658 lactu·

319 733 399 780 rum
416 734 452 779 se
469 707 600 805 pluries
618 705 883 805 respondisset¹,
901 720 935 775 et
950 705 996 775 ad
1012 703 1100 774 fines
1115 702 1194 773 illos
1208 727 1274 773 rex
1294 702 1390 772 bina

317 823 394 893 vice
420 823 456 891 in
484 821 679 892 Picardiam
703 819 883 916 proiectus
903 831 1011 904 esset,
1039 817 1143 887 variis
1164 830 1292 887 tamen
1322 817 1391 886 de·

316 953 435 1010 tentus
454 937 719 1037 impedimentis
737 935 773 1006 id
794 937 940 1006 minime
959 950 1044 1006 ωηο
1062 933 1194 1023 effecit,
1227 934 1295 1004 sed
1323 959 1388 1005 ex·

317 1053 531 1138 cusationes,
546 1077 635 1149 quas
646 1066 731 1122 ωηο
745 1050 876 1122 habere
893 1064 1044 1146 poterat,
1061 1050 1134 1145 regi
1148 1051 1388 1120 innotescere

198 1213 204 1222 ·
316 1171 410 1242 lecit.

368 1286 450 1379 Ejus
469 1298 586 1355 tamen
606 1281 726 1354 medio
745 1296 852 1377 atque
869 1282 1086 1367 interventu,
1109 1278 1194 1349 bina
1210 1281 1295 1351 vice
1321 1305 1384 1352 rex

274 1488 280 1501 ἱ
317 1405 534 1470 Francorum
559 1423 640 1470 cum
666 1395 833 1467 Edoardo
859 1419 963 1492 rege,
994 1420 1056 1493 spe
1080 1392 1320 1465 conciliandae
1347 1410 1384 1465 et

317 1492 499 1585 firmanilae
516 1513 631 1610 pacis,
660 1527 798 1606 treugas
814 1511 892 1580 iniit
908 1524 1015 1606 atque
1032 1509 1112 1579 lecit
1132 1535 1140 1578 τ
1160 1509 1297 1606 primas
1315 1534 1382 1581 an·

315 1631 433 1720 nales,
459 1628 634 1700 secundas
655 1626 700 1697 ad
719 1627 844 1722 viginti
867 1625 959 1696 duos
982 1627 1152 1696 menses².
1178 1628 1267 1710 Quae
1292 1651 1383 1723 pro-

316 1746 409 1817 lecto
437 1746 542 1817 etiam
570 1743 715 1814 exitium
743 1739 851 1812 totale
878 1740 1098 1811 consobrino
1123 1765 1189 1811 suo
1215 1742 1381 1811 Henrico

317 1864 460 1958 suisque
501 1860 661 1930 maximae
697 1857 904 1928 calamitatis
941 1881 1083 1927 causam
1121 1857 1377 1953 praestiterunt.

315 1980 469 2048 Securus
485 1977 580 2047 enim
598 1989 682 2044 tunc
699 1974 744 2044 de
761 1975 902 2044 Francis
923 1972 1127 2064 Edoardus,
1146 1997 1269 2044 versus
1287 1976 1380 2044 Sco·

317 2095 402 2163 tiam
430 2106 465 2162 et
493 2091 538 2162 ad
567 2091 665 2185 regni
694 2088 822 2185 angliae
844 2087 951 2179 fines,
982 2089 1018 2158 in
1047 2086 1178 2185 quibus
1205 2089 1381 2160 nonnulli

316 2233 482 2306 proceres
502 2233 543 2279 ac
561 2206 699 2278 nobiles
721 2209 837 2302 regni,
855 2206 917 2302 qui
939 2205 1089 2276 fideliter
1112 2221 1147 2277 et
1166 2220 1382 2277 constanter

317 2324 491 2408 Henric0,
526 2322 599 2418 regi
630 2347 715 2408 suo,
753 2321 994 2406 adhaeserant,
1030 2320 1223 2392 nonnulla⁸
1253 2319 1381 2393 adhuc

317 2438 449 2535 oppida
476 2452 509 2508 et
537 2436 677 2508 castella
704 2436 902 2526 tenebant,
940 2437 1204 2535 expeditionem
1230 2435 1377 2506 direxit.

317 2554 477 2625 Obsessis
499 2569 616 2625 autem
640 2552 823 2624 nonnullis
846 2554 991 2642 castris,
1019 2577 1096 2648 quae
1116 2575 1137 2622 a
1161 2552 1233 2622 suis
1254 2551 1379 2624 adhuc

315 2668 479 2742 hostibus
495 2669 722 2757 tenebantur,
743 2669 890 2739 eosdem
909 2668 954 2739 ad
971 2668 1213 2740 dimicandum
1232 2670 1373 2766 coegit;

317 2784 354 2853 in
369 2810 443 2881 quo
455 2784 648 2855 certamine
660 2786 777 2852 onmis
790 2808 890 2881 paene
906 2783 1086 2874 nobilitas,
1104 2784 1246 2854 Henrici
1256 2798 1379 2882 partes

318 2913 454 2991 secuta,
482 2898 665 2968 infeliciter
688 2897 887 2969 occubuit‘.
911 2903 952 2968 Et
975 2901 1023 2970 ita
1048 2914 1179 2995 treugae
1199 2925 1287 2996 quas
1308 2900 1377 2972 ha·

316 3013 424 3086 bebat
449 3014 635 3085 Edoardus
661 3039 743 3084 cum
761 3019 977 3086 Francorum
1008 3039 1109 3112 rege,
1135 3015 1200 3086 sibi
1225 3017 1377 3117 quidem

318 3129 454 3214 faustae,
475 3128 692 3199 Henricianis
710 3155 794 3200 vero
817 3130 912 3199 exitii
933 3143 1040 3226 atque
1061 3132 1258 3202 exterminii
1287 3155 1378 3200 cau-

318 3265 394 3312 sam
408 3243 663 3341 praestiterunt,
689 3245 738 3313 sic
754 3269 817 3340 per
828 3245 1048 3316 ludovicum
1063 3246 1185 3342 adjuto
1201 3246 1375 3335 HenricO,

318 3358 536 3430 consobrino
561 3384 646 3450 suc,
673 3360 731 3430 cui
757 3359 863 3456 paulo
881 3374 963 3433 ante
979 3376 1077 3435 tanta
1094 3388 1132 3435 se
1144 3362 1271 3434 auxilia
1289 3388 1377 3459 prae·

270 3585 277 3597 ·
321 3570 326 3575 ’
361 3570 389 3623 l.
413 3572 568 3643 Recepisset
582 3567 652 3626 dans
666 3567 693 3625 le
710 3588 763 3626 ms.

360 3659 389 3717 2.
413 3662 452 3716 La
470 3660 612 3737 premiere
631 3661 727 3728 trite,
748 3657 866 3717 concine
887 3661 902 3715 a
920 3659 1011 3735 partir
1028 3659 1067 3718 du
1086 3663 1124 3719 20
1144 3659 1260 3719 octobre
1280 3663 1376 3732 1463,

319 3766 394 3825 pour
404 3747 632 3826 durerjusqu'au
647 3752 684 3805 l“
694 3747 810 3805 octobre
820 3750 908 3820 rtet,
919 3766 956 3806 ne
966 3751 1132 3807 concernait
1143 3770 1199 3828 que
1211 3749 1251 3807 les
1259 3770 1379 3829 aggres-

318 3837 395 3894 sions
412 3858 464 3915 par
480 3851 570 3907 terre3
590 3837 645 3894 elle
658 3838 699 3894 sut
714 3835 866 3894 etendueal
884 3836 910 3894 la
925 3856 986 3894 mer
1002 3837 1103 3916 depuis
1119 3841 1145 3897 le
1159 3842 1197 3897 20
1213 3839 1269 3896 mai
1285 3842 1374 3896 1464.

318 3927 438 4002 Rymm,
451 3930 582 4002 hedera,
597 3939 666 3994 etc,
683 3938 703 3984 t.
719 3929 773 3998 XI,
789 3947 817 4003 p.
836 3929 910 3995 508,
926 3938 955 3982 et
970 3929 1090 4006 Lenglet
1103 3929 1277 4002 Dulresnoy,
1292 3930 1378 3986 Com·

319 4021 418 4087 mines,
435 4028 455 4073 t.
471 4020 515 4089 11,
532 4036 562 4094 p.
579 4018 648 4073 tlt.

324 4102 329 4116 '
361 4106 388 4160 3.
412 4108 610 4180 Nonnullaque
623 4103 693 4160 dans
706 4101 733 4161 le
746 4122 799 4160 ms.

361 4199 390 4255 t.
413 4193 694 4274 AHedgley·Moor,
710 4197 749 4253 25
762 4194 834 4255 avril
851 4199 940 4256 rtet.
