3384 5184
390 515 448 570 iu
662 513 919 572 fltsmmtnun
938 513 1116 572 LUDOVIGI
1135 516 1180 573 xl

388 650 482 738 triae,
503 663 698 748 caeteraque
715 649 908 747 provinciae
919 647 1055 738 officia,
1074 649 1355 749 assequendas),
1376 652 1452 725 iue-

328 747 332 754 ’
388 779 473 837 runt
486 765 592 838 etiam
606 763 724 836 eidem
735 765 818 836 duci
832 764 949 860 gratiae
961 765 1170 836 solemniter
1181 765 1330 858 habitae,
1348 769 1450 866 quod

388 882 507 979 ipsum
522 881 723 979 principem
739 905 865 969 suum,
884 904 967 951 eum
992 879 1224 974 associando,
1255 898 1292 957 et
1319 883 1366 955 ad
1392 885 1450 983 ip-

387 1024 599 1097 sumusque
624 999 740 1071 locum
766 996 998 1088 deducendo,
1017 997 1198 1070 honorare
1228 999 1446 1072 curavisset:

387 1116 622 1188 contestando
644 1115 750 1186 etiam
781 1112 899 1211 quod,
922 1139 988 1212 pro
1014 1113 1265 1210 hujuscemodi
1281 1115 1448 1190 humani·

294 1277 295 1282 =
389 1247 458 1305 tate
471 1231 704 1330 plurimisque
718 1228 915 1326 obsequiis,
935 1254 956 1302 a
970 1254 1007 1300 se
1020 1230 1165 1328 suisque
1179 1230 1262 1302 duci
1271 1257 1336 1304 suo
1350 1257 1448 1306 novo

385 1349 546 1446 praestitis
562 1363 598 1419 et
614 1347 801 1446 impensis,
822 1360 960 1440 gratum
976 1347 1169 1445 provinciae
1187 1363 1447 1447 acceptumque

384 1466 492 1558 soret,
521 1463 622 1563 quod
650 1465 696 1536 de
721 1461 920 1536 honoribus
944 1477 980 1534 et
1004 1460 1130 1536 officiis
1153 1466 1274 1563 patriae
1290 1465 1447 1540 honora·

386 1581 496 1654 bilem
523 1581 578 1652 sui
603 1579 801 1679 perciperet
826 1580 1050 1678 portionem,
1083 1605 1189 1672 cum,
1219 1583 1265 1654 ab
1291 1585 1446 1682 antiquis

384 1695 623 1795 temporibus,
647 1695 761 1767 ambae
781 1695 995 1792 provincie,
1018 1693 1151 1768 scilicet
1174 1698 1395 1770 Normannia
1410 1713 1446 1770 et

384 1814 563 1887 Britannia
581 1814 682 1909 (quae
697 1811 1035 1882 conterminaesunt
1056 1825 1092 1882 et
1114 1811 1321 1910 maritimae)
1337 1838 1445 1885 com-

382 1931 523 2002 merciis
541 1944 647 2026 atque
663 1925 980 2022 negotiationibus,
998 1927 1173 2026 conjugiis
1193 1930 1299 2002 etiam
1322 1944 1358 2002 et
1372 1928 1444 2002 affi-

383 2047 573 2134 nitatibus,
593 2043 802 2141 magnisque
819 2041 982 2114 amicitiis
1006 2057 1041 2114 et
1057 2044 1373 2139 germanitatibus,
1391 2045 1445 2117 in·

382 2165 494 2235 vicem
507 2162 688 2261 permixtae
699 2159 842 2246 suerunt
855 2173 890 2258 et
903 2159 1114 2255 conjunctae.
1129 2161 1314 2258 Rogabant
1324 2176 1444 2234 tamen

384 2294 438 2370 ut,
462 2281 556 2351 inter
567 2291 735 2366 caeteros,
753 2275 861 2347 etiam
873 2273 1055 2347 nobilibus
1072 2291 1107 2348 et
1129 2276 1288 2349 honestis
1305 2277 1445 2350 civibus

381 2396 503 2496 patriae
518 2419 581 2467 sua
602 2394 723 2489 aliqua
741 2393 877 2491 porti0,
897 2391 935 2464 in
957 2391 1105 2489 hujusce
1122 2393 1307 2468 honorum
1327 2393 1443 2468 distri·

380 2510 547 2601 butione,
567 2510 617 2581 uti
634 2533 700 2609 par
718 2523 809 2602 erat,
830 2521 1079 2581 asservaretur.

737 2839 988 2908 ctrtrunuu
1022 2831 1082 2908 tu.
1109 2805 1141 2892 -'

378 3049 498 3116 Qualiter
510 3045 636 3100 dominus
653 3043 773 3107 Carolus,
787 3039 843 3093 dux
856 3041 1037 3108 Nonnauniae,
1050 3055 1111 3113 post
1122 3043 1214 3114 longer
1225 3059 1324 3107 moras,
1336 3041 1440 3095 Britan·

414 3147 511 3182 norum
524 3124 593 3179 dolis
605 3135 769 3196 protractas,
787 3121 880 3173 urbem
896 3139 970 3173 suam
986 3121 1185 3196 Rothomegum
1199 3121 1330 3194 ingressus
1345 3135 1393 3175 est.
1406 3122 1441 3178 Et

415 3207 449 3260 de
460 3205 611 3278 turpissima
623 3201 781 3254 discessione
790 3199 866 3254 ducis
877 3201 1019 3255 Britanniae
1031 3203 1066 3256 ab
1076 3221 1108 3257 eo
1115 3244 1124 3272 ‚
1141 3202 1275 3276 ipsiusque
1290 3214 1315 3256 et
1328 3221 1440 3258 suorum

413 3286 584 3342 infamissima
596 3280 760 3356 proditioue.
1166 3303 1170 3312 ·

427 3481 470 3548 Et
499 3499 706 3573 quanquam
734 3499 776 3548 ea
804 3477 942 3574 rogatio
972 3490 1008 3548 et
1034 3477 1157 3577 petitio
1189 3475 1440 3552 honestissima

376 3608 483 3690 atque
512 3593 704 3690 justissima
734 3592 847 3681 soret,
882 3593 1058 3666 creditum
1086 3609 1140 3666 est
1170 3609 1290 3666 tamen
1319 3595 1438 3693 ipsum

377 3711 565 3784 Britanniae
586 3711 727 3804 ducem,
751 3737 826 3784 non
849 3726 921 3784 tam
931 3737 995 3784 sua
1006 3711 1153 3809 quidem
1168 3735 1276 3808 quam
1288 3734 1437 3782 suorum

376 3833 620 3931 instigatione¹
638 3833 737 3930 (qui,
754 3833 798 3904 de
816 3834 987 3906 universis
999 3832 1118 3931 patriae
1133 3831 1348 3921 honoribus,
1365 3855 1437 3902 suae

376 3953 562 4052 cupiditati
588 3965 623 4024 et
647 3952 829 4049 praetensis
845 3977 889 4022 ex
904 3975 941 4022 se
963 3949 1097 4021 meritis
1120 3973 1248 4048 parum
1270 3948 1339 4021 sibi
1360 3947 1437 4020 fieri

376 4071 611 4170 reputabant,
632 4068 741 4140 totius
758 4067 880 4166 patriae
897 4065 1243 4139 administrationem
1260 4080 1295 4138 et
1312 4063 1437 4138 mode·

418 4281 430 4334 t
467 4281 546 4336 Dans
560 4274 587 4333 le
602 4295 656 4334 ms.
671 4293 756 4350 quam
769 4292 878 4330 suorum
894 4274 970 4329 etde
982 4274 1170 4350 instigatione.
