3272 5182
344 517 402 574 208
617 514 873 574 fltsbomtuunt
893 513 1072 573 LUDOVICI
1092 515 1137 572 XI

343 646 432 720 leste
455 644 588 746 petitur
616 661 651 720 et
684 649 853 746 quaeritur
882 672 1051 744 regnum,
1084 646 1417 746 ecclesiasticasque

344 783 512 838 censuras
529 763 603 836 ullo
619 780 725 864 pacto
740 780 914 839 temerare
928 777 1158 865 praesumant,
1178 779 1417 838 contemnere

344 894 406 952 aut
421 861 569 955 viciare.

685 1159 942 1230 CAPITULUM
966 1161 1074 1230 XXV.

345 1364 491 1432 Quomodo
503 1383 551 1418 rex
561 1383 593 1418 ex
605 1361 708 1418 leodio
721 1383 842 1419 reversus
854 1365 883 1418 in
897 1365 1038 1420 Franciam
1049 1363 1220 1439 apprehendi
1233 1377 1260 1418 et
1277 1365 1306 1418 in
1322 1385 1416 1421 carce-

380 1447 518 1582 {wi
532 1446 593 1502 fecit
606 1465 684 1501 suum
700 1445 865 1502 cardinalem
876 1445 1094 1520 andegavensem
1106 1459 1133 1500 et
1147 1446 1305 1520 episcopum
1310 1445 1416 1503 Virdu·

396 1712 655 1784 Consummato
675 1722 793 1786 autem
813 1711 911 1784 urbis
927 1711 1097 1783 incendio
1115 1725 1151 1783 et
1167 1736 1276 1811 poena
1293 1711 1416 1785 debita

346 1824 392 1898 de
417 1826 609 1924 foedifragis
635 1843 797 1929 accepta,
825 1828 970 1901 illustris
997 1829 1296 1928 Burgundionum
1319 1829 1412 1920 dux,

345 1942 470 2016 relicto
481 1945 516 2016 iu
531 1961 627 2018 terra
638 1945 699 2018 illa
710 1945 916 2019 Leodiensis
927 1947 1051 2045 patriae
1061 1945 1250 2019 defensore
1263 1946 1415 2018 domino

346 2059 392 2131 de
409 2059 670 2152 Himbercourt,
690 2060 735 2132 ad
752 2062 900 2160 propria
915 2063 1111 2162 repedavit.

395 2180 617 2249 Francorum
640 2191 761 2249 autem
786 2203 868 2273 rex,
893 2203 979 2251 cum
1002 2179 1146 2253 rediens
1169 2178 1215 2252 de
1237 2179 1416 2278 praedictae

349 2291 445 2365 urbis
464 2294 621 2386 excidio,
642 2320 758 2394 prope
775 2295 992 2368 Parisiorum
1009 2295 1139 2369 urbem
1156 2295 1347 2369 transitum
1364 2296 1381 2368 f
1399 2339 1417 2353 ·

347 2426 459 2497 ceret,
482 2425 518 2483 et
536 2438 558 2485 a
578 2413 717 2486 cunctis
738 2413 970 2486 aestimaretur
988 2428 1028 2486 ut
1044 2412 1143 2487 illam
1160 2438 1263 2487 suam
1280 2413 1416 2512 regiam

346 2527 622 2625 insignissimam
645 2530 822 2623 visitaret,
849 2529 920 2604 alio
944 2531 1012 2603 iter
1031 2530 1178 2603 deflexit
1198 2559 1206 2602 ι
1225 2555 1289 2603 seu
1310 2554 1415 2613 vere-¹

347 2644 479 2736 cundia
497 2661 533 2717 et
551 2646 684 2720 rubore
704 2647 877 2739 suffusus,
896 2646 997 2746 quod
1016 2661 1090 2719 tam
1107 2647 1279 2720 infamem
1296 2661 1415 2720 actum

348 2772 384 2832 et
403 2775 503 2835 tanta
526 2761 716 2860 indignum
738 2764 921 2860 majestate
942 2762 1081 2835 fecisset
1101 2762 1199 2862 apud
1220 2762 1412 2852 Leodium,

251 2931 252 2942 ,
347 2901 408 2949 scu
421 2877 521 2976 quod
534 2905 685 2952 suorum
699 2878 955 2952 officiariorum
968 2878 1129 2977 ejusdem
1141 2878 1241 2951 urbis
1253 2877 1416 2978 querelas

343 3008 384 3066 =et
401 2993 697 3094 exprobrationes
714 2993 918 3088 verebatur,
940 3019 1008 3096 pro
1026 3021 1070 3069 eo
1090 2996 1210 3094 quod,
1234 2994 1332 3094 apud
1349 2999 1414 3066 Pe·

224 3203 230 3221 Ι
348 3107 491 3203 ronaiu,
510 3136 593 3183 cum
607 3125 724 3183 tantas
740 3113 971 3184 contraxisset
986 3114 1110 3212 copias
1126 3128 1166 3184 ut
1180 3136 1416 3211 oppressurus

348 3227 646 3324 Burgundionum
664 3227 794 3300 ducem
808 3253 963 3327 suosque
978 3229 1081 3302 facile
1096 3243 1296 3330 putaretur,
1316 3227 1416 3300 nulla

348 3355 468 3415 tamen
478 3344 730 3440 congressione
741 3345 844 3437 facta,
855 3344 1099 3446 nuiiopraelio,
1110 3344 1211 3418 nullo
1220 3345 1415 3418 certamine

347 3456 487 3550 hahit0,
501 3457 538 3529 in
551 3473 625 3530 tam
638 3473 760 3559 turpes
775 3474 811 3533 et
822 3485 966 3534 coronae
983 3486 1055 3534 suae
1068 3476 1143 3534 tam
1158 3459 1414 3562 praejudiciales

348 3575 447 3674 pacis
471 3573 701 3650 'conditiones
721 3603 805 3650 cum
823 3578 953 3651 eodem
970 3579 1080 3672 duce,
1100 3603 1122 3651 a
1140 3604 1177 3651 se
1198 3578 1358 3677 expetitae
1380 3592 1415 3650 et

348 3717 433 3765 cum
450 3716 580 3790 magna
596 3694 764 3768 instantia
780 3696 980 3795 postulatae,
999 3695 1253 3768 descendisset.

398 3808 508 3898 Quod
523 3823 643 3882 autem
660 3810 706 3883 de
721 3811 778 3884 his
789 3813 865 3912 ipse
878 3828 1074 3912 utcumque
1091 3811 1319 3885 erubesceret
1331 3811 1415 3884 satis

350 3923 576 4001 manifestum
599 3926 772 4001 indicium
797 3929 878 4024 fuit,
910 3929 1010 4027 quod
1043 3929 1161 4002 edicto
1194 3927 1344 4028 publico
1375 3929 1413 4001 in

348 4043 425 4143 ipsa
442 4043 538 4142 regia
555 4042 645 4117 urbe
662 4044 816 4118 inhiberi
833 4045 932 4138 fecit,
954 4069 1001 4118 ne
1018 4045 1099 4145 quis
1114 4047 1171 4119 vel
1187 4045 1234 4118 de
1250 4069 1313 4118 sua
1331 4068 1414 4144 pro-

390 4287 419 4343 f.
442 4281 578 4363 Chapitre
592 4281 692 4363 publii
703 4281 775 4342 dans
787 4281 995 4360 l’AmpIr'ssima
1008 4285 1147 4358 collectio,
1163 4295 1185 4342 t.
1201 4285 1251 4358 tv,
1267 4281 1323 4342 col.
1342 4285 1411 4342 tot.
