3272 5182
385 481 442 543 2³2
638 481 910 540 'fltsmtttxttuu
929 482 1108 542 LUDOVICI
1128 483 1170 538 Χ]

386 613 515 688 auxilia
542 612 699 706 miserit,
724 609 844 708 qualia
870 625 957 684 tnnc
985 627 1146 711 poterat,
1177 613 1326 712 quando
1354 617 1456 690 inter

386 730 530 804 Henriei
557 729 648 826 regis
671 741 707 800 et
735 727 892 800 Edoardi
917 744 1054 826 partes,
1083 731 1177 804 circa
1205 729 1454 807 Eboracenses

385 847 578 938 terminos,
605 846 777 918 acerrime
804 843 1014 916 dimicatum
1038 861 1092 918 est
1120 875 1127 918 :
1156 847 1192 920 in
1220 872 1295 944 quo
1325 849 1454 947 praelio

386 964 508 1056 victis,
529 964 591 1061 qui
608 987 675 1061 pro
693 959 852 1060 partibus
869 961 1012 1033 Henrici
1031 960 1271 1050 dimicabant,
1293 987 1334 1036 ea
1354 964 1453 1038 cala-

349 1090 352 1099 “
386 1083 491 1152 mitas
514 1103 627 1174 regno
653 1100 737 1148 eum
760 1074 930 1148 excedere
959 1091 995 1148 et
1017 1077 1053 1148 in
1081 1079 1236 1151 Scotiam
1260 1079 1456 1176 profugere

386 1195 514 1290 coegit.
543 1197 628 1264 Erat
652 1192 748 1263 enirn
769 1191 806 1261 in
826 1215 870 1262 eo
887 1191 1011 1295 praelio
1027 1193 1177 1291 quidam
1194 1195 1343 1266 servitor
1358 1197 1456 1294 regis

386 1316 624 1401 Francorum,
644 1321 730 1378 tunc
757 1305 875 1378 adhuc
900 1307 1052 1397 Delfini,
1073 1307 1190 1381 dictus
1215 1309 1385 1383 dominus
1403 1311 1455 1385 de

389 1423 577 1517 Labarde¹‚
597 1423 658 1521 qui
669 1421 836 1494 vexillum
850 1435 885 1494 et
899 1423 999 1520 signa
1011 1423 1087 1522 ejus
1100 1425 1265 1497 militaria
1281 1425 1400 1526 palam
1414 1441 1456 1498 et

387 1540 590 1631 manifeste,
615 1538 691 1635 ejus
712 1538 882 1631 nomine,
900 1538 1133 1636 praeferebat,
1154 1553 1190 1611 et
1203 1540 1250 1613 ab
1271 1565 1315 1613 eo
1339 1540 1388 1612 ob
1411 1541 1454 1614 id

386 1659 505 1756 ipsum
530 1657 659 1728 missus
682 1654 949 1764 destinatusque
966 1657 1002 1727 in
1022 1655 1183 1754 Angliam
1201 1657 1346 1730 suerat¹.
1367 1663 1455 1730 Post

386 1773 495 1871 patris
511 1796 597 1843 vero
617 1770 670 1841 sui
694 1769 857 1862 obitum,
879 1784 914 1841 et
930 1786 1122 1869 postquam
1143 1772 1180 1843 in
1202 1797 1324 1868 regem
1339 1773 1453 1845 subli-

387 1903 505 1960 matus
529 1887 609 1974 tuit,
630 1883 753 1982 quales
769 1884 906 1957 eisdem
922 1887 1083 1981 cognatis
1101 1886 1174 1958 suis
1189 1886 1330 1960 favores
1345 1903 1454 1986 atque

386 2002 516 2077 auxilia
542 2000 763 2099 praestiterit,
783 2001 866 2071 satis
886 2026 929 2073 ex
950 2003 1076 2100 pactis,
1095 2028 1174 2100 quae
1192 2003 1238 2076 de
1254 2002 1326 2075 hoc
1344 2027 1453 2101 supra

387 2117 617 2206 retexuimus,
636 2116 773 2213 liquere
789 2130 921 2213 potest.

436 2231 506 2302 Sed
524 2246 559 2303 et
572 2256 647 2303 non
661 2254 772 2331 parva
788 2230 938 2328 dignum
947 2232 1188 2307 admiratione
1203 2234 1337 2306 exsistit
1352 2233 1455 2332 quod

386 2372 532 2421 cansam
548 2347 654 2443 hujus
670 2347 810 2419 foederis
825 2372 909 2419 cum
922 2349 1083 2448 principe
1094 2349 1232 2421 Walliae
1249 2351 1453 2447 praetendit,

387 2463 489 2562 quasi
504 2463 550 2536 ad
565 2464 676 2563 ipsius
689 2463 845 2537 validam
861 2463 1013 2537 sufficiat
1025 2464 1334 2561 justificationem,
1352 2465 1456 2563 quod

387 2581 459 2653 dux
478 2581 690 2679 Burgundiae
703 2579 852 2677 jamdiu
872 2579 1004 2654 foedera
1018 2596 1054 2653 et
1067 2583 1238 2655 amicitias
1252 2582 1457 2683 copulasset

387 2725 471 2775 cum
489 2699 658 2772 Edoardo
673 2699 716 2770 de
734 2699 770 2770 la
786 2699 944 2770 Marcloe.
966 2701 1002 2771 Si
1019 2703 1116 2773 enim
1135 2700 1333 2800 quidquam
1354 2727 1458 2774 men·

388 2817 432 2888 tis
446 2815 610 2910 haberet,
625 2815 828 2889 meminisse
845 2839 912 2886 nec
926 2815 1092 2912 ignorare
1103 2833 1245 2917 poterat
1257 2819 1294 2890 in
1306 2815 1454 2908 foedere,

389 2931 488 3029 quod
514 2957 598 3005 curn
624 2956 669 3004 eo
694 2946 767 3004 tarn
795 2929 1003 3005 solemniter
1034 2933 1132 3032 apud
1161 2939 1338 3007 Peronam
1369 2958 1458 3006 eon·

389 3061 562 3136 traxerat,
587 3071 751 3143 expresse
781 3045 856 3118 sore
884 3048 1189 3147 comprehensum
1213 3052 1314 3148 quod
1333 3049 1458 3122 liceret

389 3163 472 3235 duci
500 3160 713 3257 Burgundios
737 3159 874 3254 foedus,
899 3162 1002 3260 quod
1027 3188 1111 3236 cum
1131 3167 1210 3262 ipso
1233 3165 1401 3238 Edoardo
1418 3180 1457 3236 et

389 3303 502 3374 regno
531 3277 662 3372 Angliae
696 3290 904 3375 pepegerat,
937 3277 1128 3353 observare
1159 3296 1194 3352 et
1226 3268 1480 3380 adimplere?

430 3511 458 3564 t.
481 3511 605 3585 Jacques
622 3504 767 3584 d’Estuer,
786 3509 922 3590 seigneur
936 3509 973 3569 de
987 3509 1015 3569 la
1028 3511 1133 3572 Barda.

430 3600 460 3658 2.
482 3599 521 3658 Ce
540 3596 590 3655 fair
609 3616 626 3655 a
645 3598 690 3657 ete
709 3598 773 3673 de'ja
794 3601 932 3678 rapporte
951 3619 1005 3679 par
1024 3602 1149 3660 l’auteur
1169 3601 1241 3662 dans
1255 3601 1403 3664 l'flistoire
1418 3603 1455 3664 de

390 3685 507 3748 Charias
519 3689 587 3760 vll,
602 3686 624 3743 l.
638 3691 673 3760 V,
688 3707 715 3747 o.
731 3709 805 3745 xvu.
821 3691 918 3765 Voyez
930 3700 951 3746 t.
967 3693 1000 3760 1,
1016 3711 1044 3768 p.
1064 3691 1133 3749 301.

432 3782 460 3837 3.
483 3781 524 3836 La
535 3777 632 3838 clause
643 3779 742 3838 n'etoit
756 3798 807 3858 pas
818 3797 884 3836 sans
895 3778 1069 3838 restrictior.
1084 3784 1126 3838 Le
1138 3780 1183 3838 roi
1196 3780 1239 3838 dit
1250 3780 1323 3840 dans
1334 3780 1362 3840 le
1372 3781 1456 3841 traite

391 3867 427 3926 de
445 3868 600 3926 Peronne:
620 3896 632 3920 x
654 3873 752 3926 Avons
770 3869 950 3930 consenti...
970 3888 1028 3946 que
1047 3881 1145 3930 nostre
1161 3867 1203 3927 dit
1219 3871 1294 3929 frere
1312 3881 1340 3928 et
1357 3870 1456 3930 cousin

391 3955 486 4034 puisse
499 3967 562 4016 tant
571 3967 600 4014 et
611 3955 636 4014 si
646 3955 832 4035 longuement
845 3956 918 4034 qu'ii
929 3955 970 4015 lui
982 3956 1075 4036 plaira
1087 3955 1192 4037 garder
1205 3970 1234 4016 et
1245 3957 1454 4018 entretenir....

390 4058 484 4104 tontes
496 4043 538 4104 les
552 4042 703 4117 aliiances,
719 4057 748 4104 et
761 4045 839 4104 aussi
857 4045 899 4105 les
919 4045 1034 4106 traictez
1054 4044 1091 4104 de
1109 4049 1205 4106 treves
1222 4057 1251 4106 et
1268 4047 1456 4106 l'entrecours

393 4133 430 4192 de
447 4134 475 4192 la
493 4133 710 4208 marchandise,
728 4133 800 4212 qu'il
817 4154 834 4192 a
853 4133 918 4194 faits
936 4147 965 4194 et
983 4153 1082 4214 pastea
1099 4155 1169 4195 avec
1185 4135 1215 4194 le
1233 4155 1286 4214 roy
1303 4131 1454 4205 Edouard,

392 4235 491 4283 nostre
505 4244 630 4303 ennemy
641 4237 670 4284 et
684 4223 902 4285 adversane...
915 4224 987 4284 Mais
997 4225 1085 4286 ocant
1096 4225 1201 4303 moins,
1214 4237 1313 4285 nostre
1324 4224 1368 4284 dit
1380 4225 1455 4283 frere
