3014 5010
206 434 242 491 'll
474 431 730 488 msromattuu
755 431 933 489 LUDOVICI
952 433 995 489 xl
1100 510 1103 514 ¹

206 556 449 648 Momorerisi¹‚
468 585 582 659 prope
597 559 1011 658 Sanctum-Dionysium,
1028 562 1106 660 qui,
1124 567 1285 661 quantis

205 691 371 777 potuerat
387 675 539 766 viribus,
558 675 727 748 eumdem
748 674 948 750 honorifice
969 692 1004 750 et
1021 677 1219 777 splendide
1240 684 1282 752 in

205 816 269 864 sua
294 790 405 863 domo
432 806 619 890 exceperat
647 806 683 864 et
706 805 978 890 procuraverat,
1002 809 1039 866 et
1060 820 1125 894 per
1153 798 1284 894 sylvas

205 924 312 1005 atque
325 908 433 981 saltus
450 909 655 1006 patrimonii
671 908 739 998 sui,
759 907 847 979 dum
863 908 935 981 illie
951 926 1156 1002 venaretur,
1175 938 1284 986 asso-

205 1027 378 1113 ciaverat,
406 1025 674 1097 exsecutionem
697 1023 904 1119 hujusmodi
927 1025 1187 1100 mandatorum
1216 1030 1281 1101 in·

204 1141 328 1214 choari
340 1166 464 1213 coram
476 1166 514 1213 sc
526 1156 561 1211 et
574 1140 720 1239 praelato
734 1139 900 1233 domino,
915 1166 981 1214 suo
997 1142 1152 1243 hospite,
1173 1146 1276 1218 lecit.

205 1261 352 1333 Faciens
373 1259 470 1330 enim
496 1259 532 1329 in
556 1282 670 1328 uuum
692 1257 839 1351 congeri
861 1273 898 1328 et
919 1260 1124 1333 coacervari
1146 1260 1278 1353 funes,

204 1375 354 1471 laqueos
374 1388 410 1446 et
435 1373 523 1445 retia
548 1386 655 1471 atque
677 1371 813 1470 plagas,
839 1397 932 1470 quos
956 1373 1055 1447 idem
1077 1375 1275 1470 dominus,

205 1493 268 1589 qui
292 1490 402 1564 saltus
429 1506 464 1563 et
487 1490 603 1588 sylvas
630 1488 888 1588 pulcherrimas
915 1488 1040 1583 habet,
1071 1492 1109 1563 in
1137 1493 1279 1588 quibus

206 1632 334 1704 magua
346 1633 430 1707 pars
444 1632 571 1680 census
583 1620 621 1678 et
635 1606 843 1705 patrimonii
856 1606 911 1678 sui
922 1608 1096 1697 consistit,
1112 1609 1152 1679 in
1166 1611 1278 1709 copia

205 1726 340 1823 ingenti
354 1723 526 1815 habebat,
536 1723 660 1794 omnia
671 1721 776 1794 simul
790 1721 944 1795 flammis
958 1739 994 1795 et
1006 1723 1090 1819 igne
1102 1724 1275 1798 oomburi

206 1838 300 1913 lecit.
324 1845 368 1912 Et
387 1864 471 1913 cum
491 1837 641 1936 quidam
661 1862 704 1909 ex
722 1836 951 1935 parochianis
975 1838 1066 1930 loci,
1088 1839 1136 1912 ad
1164 1866 1275 1916 usum

205 1954 373 2055 pulsandi
394 1978 607 2053 campanam
635 1953 793 2026 ecclesie
820 1977 911 2045 suae,
931 1953 1054 2027 funem
1081 1980 1198 2028 unum
1226 1957 1275 2030 ad

206 2071 277 2143 hoc
303 2070 477 2142 idoneum
502 2069 571 2140 sibi
600 2070 729 2142 donari
761 2070 966 2168 petiissent,
998 2096 1072 2143 nou
1100 2073 1275 2146 suerunt¹

206 2185 363 2259 exauditi
373 2190 395 2257 ⁸.
420 2186 579 2258 Similem
599 2210 685 2257 vero
703 2186 969 2259 exsecutionem
982 2186 1136 2260 ballivus
1156 2189 1274 2262 Silva-

207 2303 383 2375 nectcnsis
407 2302 444 2373 in
470 2301 583 2375 domo
606 2300 753 2375 baronis
776 2301 822 2373 de
842 2304 1074 2400 Aussemont⁸
1092 2303 1192 2394 fecit,
1220 2329 1270 2377 ne

207 2417 252 2490 de
269 2432 479 2516 contemptu
497 2419 553 2490 vel
571 2416 785 2514 negligentia
802 2418 1008 2514 arguendus
1026 2421 1177 2492 veniret.

254 2534 374 2606 Talem
385 2536 500 2607 vicem
513 2558 579 2605 suo
592 2531 724 2604 devoto
736 2532 870 2631 hospiti
882 2548 918 2606 et
928 2536 1077 2631 gratiam
1089 2535 1273 2611 humanus

206 2674 265 2723 rex
279 2651 416 2739 retulit,
433 2675 510 2722 non
524 2650 657 2720 veritus
669 2648 738 2719 sub
752 2649 814 2722 tali
826 2675 990 2744 censura,
1005 2650 1274 2726 confiscationis

206 2766 338 2838 scilicet
354 2766 516 2865 corporis
532 2779 568 2835 et
582 2763 784 2853 bonorum,
803 2766 879 2837 sine
899 2766 973 2838 ullo
994 2766 1136 2840 delectu
1155 2791 1198 2840 ac
1216 2795 1274 2842 re-

206 2884 364 2954 verentia
383 2882 495 2953 divini
517 2880 633 2953 cultus
654 2895 716 2951 aut
737 2880 934 2978 religionis,
958 2883 1146 2982 pontifices
1163 2909 1273 2983 gene·

206 2997 398 3093 raliterque
415 3022 541 3070 omncs
563 3022 750 3069 sacrorum
767 2999 950 3072 ministros
975 2999 1213 3092 concludere3
1234 3002 1271 3073 in

207 3137 361 3211 quorum
388 3126 508 3183 tamen
527 3135 699 3211 personas
716 3127 778 3184 aut
794 3112 944 3186 mobilia
966 3114 1102 3188 nullam
1122 3139 1272 3216 prorsus

206 3227 315 3300 habet
331 3227 631 3326 jurisdictionem.

256 3347 398 3431 Quanta
419 3357 541 3414 autem
556 3341 694 3439 justitia
711 3356 819 3439 atque
836 3344 1002 3442 aequitate
1021 3343 1273 3441 hujuscemodi

208 3460 367 3533 edictum
385 3460 515 3532 fultum
536 3459 680 3531 exsistat
694 3459 941 3557 unusquisque
958 3459 1059 3532 facile
1074 3461 1273 3559 dijudicare

250 3655 278 3710 l.
301 3647 326 3707 ll
341 3645 492 3725 s’appelait
504 3649 586 3704 Jean.

247 3742 278 3803 Ξ.
299 3744 423 3799 Fuerant
437 3737 508 3795 dans
526 3736 553 3795 le
568 3755 621 3794 me.

249 3832 277 3890 3.
300 3832 379 3888 Cette
393 3825 533 3886 anecdote
546 3845 563 3883 a
576 3825 622 3883 ite
632 3842 747 3882 connue
761 3824 798 3882 de
811 3823 977 3897 Duchesne,
991 3825 1043 3902 qui
1056 3842 1093 3884 en
1106 3845 1123 3884 a
1134 3824 1273 3884 intercal&

208 3918 235 3977 le
251 3918 321 3976 re'cit
340 3916 414 3977 dans
435 3934 480 3974 ses
495 3920 619 3992 preuves
637 3917 654 3970 a
675 3910 821 3972 l’llistoire
842 3914 878 3972 de
897 3914 925 3972 la
944 3914 1055 3973 maison
1073 3915 1110 3973 de
1124 3919 1271 3973 Montmo·

208 4009 304 4081 renci,
319 4029 349 4086 p.
367 4010 436 4066 l'l3.

249 4100 277 4153 t.
301 4099 346 4154 On
359 4094 429 4155 ecrit
441 4091 626 4167 aujourd‘hui
640 4095 791 4168 Offemonr.
804 4095 882 4153 Cette
897 4105 972 4153 terre
983 4094 1092 4153 u’avait
1104 4111 1155 4172 pas
1166 4092 1194 4152 lc
1205 4092 1273 4152 titre

211 4184 246 4243 de
260 4183 400 4242 baronnie
413 4202 471 4261 qne
486 4181 526 4241 lui
541 4181 637 4241 donne
650 4180 785 4242 l’autcur.
