3384 5184
386 504 464 592 rso!
508 572 513 582 ¹
655 499 911 558 nrsromtnun
931 498 1108 556 tuocum
1127 499 1170 554 xi

268 731 272 739 Ι
385 638 675 708 Normannorum
697 631 786 724 dux,
811 630 992 703 mandavit
1014 631 1063 702 eis
1086 645 1142 718 ut,
1166 652 1274 726 quam
1299 630 1447 727 optimis

384 748 609 847 pactionibus
623 762 785 848 possent,
805 747 961 818 lacerent
974 744 1207 817 deditionem.
1227 743 1335 831 Quod
1350 745 1446 814 sirni-

384 864 463 936 liter
483 864 620 937 civibus
643 865 714 937 suis
739 859 1104 960 Rothomagensibus,
1130 885 1222 959 quos
1244 857 1447 932 scridebat

385 982 554 1054 adversus
573 981 771 1082 potentiam
789 981 879 1076 regis
901 979 1007 1052 tutari
1027 1002 1102 1050 non
1126 1000 1249 1076 posse,
1275 991 1310 1048 et
1330 1000 1441 1073 quos,

384 1098 438 1169 sui
460 1123 582 1186 causa,
603 1099 640 1169 in
662 1095 869 1197 periculosae
890 1111 926 1167 et
945 1097 995 1168 eis
1016 1094 1144 1168 merito
1168 1093 1366 1166 metuendae
1383 1118 1444 1166 ca·

383 1212 550 1287 lamitatis
570 1215 762 1286 discrimen
787 1214 916 1312 exponi
940 1237 1012 1284 non
1033 1210 1179 1283 volebat
1199 1210 1300 1307 (licet
1317 1211 1384 1308 ipsi
1400 1235 1442 1283 ex

385 1353 516 1426 magno
546 1329 688 1426 quoad
717 1331 834 1428 ipsum
861 1327 1107 1400 afficiebantur
1136 1351 1278 1419 amore,
1307 1325 1345 1398 id
1366 1350 1442 1397 non

385 1444 556 1538 facturos,
580 1447 641 1519 sed
663 1462 819 1520 extrema
835 1447 957 1518 omnia
973 1443 1132 1543 pericula
1152 1470 1189 1516 se
1210 1445 1330 1544 potius
1347 1443 1445 1516 subi·

373 1560 484 1633 'turos
498 1562 791 1660 proclamarent),
804 1576 843 1633 ut
857 1561 1012 1635 lacerent
1024 1562 1214 1634 consilium
1228 1559 1342 1633 dedit:
1357 1584 1443 1660 praa-

384 1678 519 1776 cipiens
532 1696 572 1752 ut
584 1680 630 1754 ad
643 1705 763 1778 regem
776 1679 968 1769 mitterent,
985 1693 1022 1750 et
1031 1677 1257 1750 conditiones
1268 1677 1443 1776 accipien-

384 1811 454 1887 tes,
475 1811 609 1894 quanto
625 1798 783 1897 potiores
805 1810 840 1867 et
859 1793 926 1866 sibi
944 1794 1104 1867 utiliores
1121 1795 1259 1895 assequi
1277 1807 1438 1892 possent,

383 1907 451 1980 sibi
468 1917 662 2008 parerent¹.

430 2025 520 2092 Turn
538 2020 659 2093 videre
676 2034 751 2094 erat
768 2022 805 2092 in
823 2019 949 2092 eadem
966 2020 1100 2118 inclyta
1116 2021 1206 2093 urbe
1222 2020 1443 2094 lamentabi-

382 2138 454 2208 lem
472 2151 507 2208 ct
524 2135 726 2208 luctuosam
746 2135 871 2208 faciem
896 2161 1018 2208 rerum
1038 2164 1045 2206 :
1065 2163 1150 2212 nam
1169 2135 1257 2210 alios
1275 2138 1312 2208 in
1332 2135 1441 2234 ejula·

383 2267 459 2325 tum
477 2268 513 2326 ct
526 2254 700 2352 lacrymas
717 2276 916 2352 erumpere,
937 2279 1010 2326 non
1029 2267 1102 2326 tam
1118 2254 1166 2328 ob
1182 2279 1284 2326 suam
1300 2253 1442 2326 calami·

383 2385 509 2458 tatem,
529 2397 639 2470 quam
655 2371 704 2444 ob
719 2373 774 2444 sui
791 2371 1027 2444 amantissimi
1046 2369 1148 2444 ducis
1162 2396 1183 2443 a
1196 2396 1233 2444 se
1247 2370 1441 2444 discessum

322 2549 327 2564 .
358 2525 360 2530 v
383 2489 628 2563 miserandum
646 2505 682 2562 et
698 2488 980 2580 lamentabilem,
999 2489 1088 2562 alios
1107 2493 1224 2561 Deum
1240 2503 1277 2560 et
1292 2492 1441 2562 Sanctus

383 2604 552 2680 obtestari
567 2632 610 2680 ac
626 2606 827 2698 obsecrare,
847 2605 1069 2706 supplicibus
1081 2608 1173 2678 votis
1196 2622 1231 2677 et
1251 2607 1441 2702 gemitibus

382 2722 550 2796 adversus
566 2748 686 2819 regem
703 2724 886 2812 invocare3
908 2747 1034 2794 omnes
1051 2721 1126 2817 ejus
1140 2720 1342 2820 perfidiam,
1363 2746 1441 2820 per·

378 2836 484 2931 juria,
500 2841 698 2938 impietates
711 2837 877 2912 detestari
890 2852 926 2908 ct
939 2838 976 2908 in
991 2837 1296 2910 abominationem
1308 2837 1440 2910 habere

383 2969 489 3054 atque
511 2956 662 3046 ducere,
691 2956 752 3051 qui
776 2965 903 3028 contra
926 2953 1036 3025 fidem
1060 2969 1096 3036 et
1119 2970 1338 3027 sacramenta
1360 2979 1380 3026 a
1403 2980 1441 3026 se

383 3085 455 3142 tarn
465 3072 671 3143 solemniter
680 3069 845 3168 praestita,
858 3093 1029 3165 germano
1046 3095 1112 3140 suo
1129 3071 1236 3143 unico
1252 3072 1440 3171 proprium

383 3187 536 3260 auferret
551 3185 831 3286 patrimonium,
847 3183 947 3282 quod
961 3186 1067 3258 ctiam
1080 3211 1100 3258 a
1112 3190 1298 3260 communi
1311 3190 1440 3260 utrius-

383 3327 452 3398 que
469 3318 616 3400 parente
631 3300 698 3372 sibi
715 3287 1233 3401 destinatumdispositumquc
1251 3302 1376 3378 suerat.

432 3419 502 3490 Sed
518 3418 607 3490 nihil
626 3417 761 3492 talibus
771 3417 1078 3492 obsecrationibus
1092 3434 1126 3492 et
1138 3420 1440 3494 exsecrationibus

384 3558 450 3632 pro
461 3548 547 3616 tunc
559 3533 835 3633 suffragantibus
848 3535 911 3628 cis,
925 3537 1113 3608 necessitas
1126 3537 1194 3641 ipsi
1206 3536 1289 3608 duci
1301 3538 1439 3636 optimo

383 3648 545 3757 incubuit
565 3665 620 3744 ut,
639 3651 816 3726 securitati
832 3651 911 3724 vitae
934 3677 1005 3724 suae
1030 3653 1238 3745 consulens,
1260 3677 1282 3728 a
1300 3653 1439 3726 civitate

382 3760 608 3864 abscederet,
630 3781 737 3866 atque
755 3766 825 3840 alio
848 3793 884 3839 se
902 3769 1119 3874 transferret.
1140 3769 1260 3856 Unde,
1282 3794 1365 3840 cum
1382 3769 1440 3841 illa

385 3884 589 3958 militarium
606 3909 729 3978 manu,
745 3909 854 3984 quarn
870 3885 988 3958 adhuc
1000 3911 1110 3984 penes
1123 3910 1161 3958 se
1176 3883 1345 3978 habebat,
1367 3901 1438 3958 tarn

425 4081 455 4142 l.
477 4080 547 4140 Voir
557 4077 587 4140 le
599 4077 728 4138 discours
741 4089 809 4138 tenu
820 4077 971 4158 parLouis
985 4081 1028 4137 XI
1036 4075 1266 4137 auxRouennais
1276 4075 1327 4154 qui
1335 4075 1440 4135 etaient

383 4185 477 4228 venus
486 4161 588 4232 natta
600 4187 670 4230 avec
683 4165 724 4228 lui
737 4170 752 4225 t
764 4167 1037 4243 Pont·de·l'lrche,
1050 4167 1078 4227 le
1093 4169 1130 4228 tt
1142 4166 1257 4242 janvier
1270 4167 1359 4226 llssss.
1376 4169 1440 4224 Do-

358 4255 364 4266 '
383 4273 514 4333 cuments
525 4259 640 4334 inedits,
660 4262 816 4334 mennges,
833 4271 853 4316 t.
870 4261 909 4331 11,
925 4279 955 4336 p.
973 4263 1041 4320 tta.
