3272 5182
411 499 469 557 att
681 497 936 558 mstomtlttnr
955 495 1134 555 Lunovrcl
1152 497 1196 554 xl

459 628 596 702 Deinde
606 653 693 704 vero
705 653 826 702 mense
842 628 1022 702 februario
1033 642 1095 701 aut
1108 629 1201 701 circa
1214 627 1356 700 initium
1372 653 1475 703 mar·

411 745 479 835 tii¹,
493 769 607 845 prope
619 746 796 818 civitatem
807 745 1092 839 ambianensem,
1106 743 1197 816 ultra
1213 746 1473 838 Summonam,

411 885 533 934 versus
546 863 823 953 Normanniam',
837 875 952 933 castra
959 859 1188 950 locaverunt,
1206 856 1409 957 urbemque
1427 886 1477 932 ex

305 1025 307 1030 -
411 999 456 1048 eo
473 975 582 1048 latere
599 975 786 1048 obsidione
802 975 1000 1067 cinxerunt,
1014 973 1111 1045 unde
1125 973 1308 1072 potissime
1324 997 1477 1072 sperare

411 1106 579 1192 poterant
594 1093 627 1164 ei
644 1090 801 1164 subsidia
820 1115 974 1163 annonae
999 1106 1035 1163 et
1049 1103 1291 1181 commeatus,
1319 1115 1476 1163 succur-

412 1233 564 1305 sumque
580 1232 601 1279 a
617 1207 742 1279 militia
757 1207 847 1303 regis
863 1207 994 1280 debere
1009 1206 1212 1305 provenire.
1233 1210 1273 1276 ln
1289 1229 1361 1303 qua
1373 1205 1477 1278 obsi·

413 1321 522 1394 dione
537 1346 620 1394 cum
635 1335 724 1394 esset
735 1321 946 1418 Burgundiae
960 1320 1033 1393 dux
1046 1345 1130 1392 cum
1142 1319 1263 1392 valido
1275 1333 1312 1391 et
1327 1319 1476 1420 potenti

415 1436 585 1528 exercitu,
604 1451 815 1536 apparatum
832 1461 915 1508 curn
932 1436 1033 1507 omni
1045 1434 1231 1507 sedulitate
1248 1432 1413 1507 faciebat.

463 1549 650 1622 Edoardus
666 1574 746 1644 rex,
766 1552 802 1622 in
821 1550 946 1645 Anglia
962 1548 1163 1646 intelligens
1184 1573 1204 1621 a
1221 1573 1368 1621 suarum
1385 1573 1475 1649 par-

414 1665 503 1737 tium
520 1664 800 1763 spectatoribus,
818 1666 882 1761 qui
896 1663 980 1736 inde
1002 1662 1047 1735 ad
1073 1688 1110 1735 se
1131 1664 1332 1762 frequentes
1352 1679 1475 1736 trans-

414 1780 608 1872 fretabant,
628 1780 728 1878 quod
744 1781 772 1851 si
788 1779 849 1851 illo
866 1781 973 1852 etiam
991 1803 1074 1850 cum
1095 1803 1205 1878 parva
1233 1803 1343 1854 manu
1365 1805 1472 1852 evec-

414 1909 471 1967 tus
488 1908 590 1985 esset,
602 1893 759 1994 plurium
775 1893 953 1965 nobilium
969 1905 1076 1988 atque
1091 1894 1315 1990 plebeiorum
1331 1894 1474 1968 favores

413 2011 617 2102 inveniret⁸‚
633 2011 695 2107 qui
705 2011 780 2106 jam
792 2008 887 2081 illius
899 2008 1027 2108 perfidi
1043 2009 1209 2082 Warviclr
1222 2008 1352 2081 fastum
1363 2025 1473 2107 atque

414 2124 619 2224 superbiam
640 2125 788 2196 minime
810 2123 901 2196 ferre
925 2139 1071 2223 possent
1085 2127 1157 2196 ἢ...
1188 2124 1329 2196 lnvenit
1349 2140 1472 2198 autem

415 2244 491 2342 ipse
525 2240 711 2314 Edoardus
745 2241 782 2312 in
816 2240 996 2314 littoribus
1028 2240 1200 2314 Flandriae
1230 2255 1266 2314 et
1297 2242 1473 2315 Zelandiae

414 2357 534 2456 plures
558 2381 666 2430 naves
690 2358 983 2450 Teutonicorum,
1002 2382 1094 2455 quos
1112 2356 1333 2456 Osterlingos
1352 2359 1473 2458 appel·

415 2471 530 2564 lant⁸3
556 2487 705 2572 propter
732 2472 907 2571 quasdam
934 2473 1031 2546 enim
1053 2473 1217 2570 injurias,
1238 2498 1327 2571 quas
1356 2487 1474 2546 tama

415 2590 639 2685 Francigenis
667 2613 776 2686 quam
803 2589 954 2686 Anglicis
982 2587 1251 2687 praetendebant
1273 2589 1342 2661 sibi
1365 2589 1474 2661 fuisse

415 2705 606 2800 irrogatas,
628 2729 712 2775 cum
734 2703 855 2776 multis
873 2703 1024 2776 navibus
1045 2704 1154 2775 armis
1173 2705 1355 2776 instructis
1379 2703 1476 2803 pira-

415 2819 536 2909 ticam,
562 2821 738 2918 praeeipue
764 2832 890 2891 contra
917 2817 1037 2890 Gallos
1056 2833 1092 2889 et
1111 2819 1255 2914 buglos,
1280 2818 1472 2911 faciebant,

416 2931 575 3030 illudque
599 2959 698 3007 mare
723 2933 965 3006 Britannicum
982 2934 1199 3030 quotidianis
1214 2933 1342 3034 praedis
1366 2949 1475 3031 atque

417 3049 551 3148 rapinis
569 3049 722 3146 graviter
736 3049 962 3122 incessebant
975 3051 997 3120 ⁸.

457 3242 487 3298 l.
510 3239 548 3297 Ce
561 3238 604 3296 fut
617 3237 644 3295 le
659 3241 677 3297 6
691 3255 779 3295 mars.
793 3240 930 3296 L‘auteur
940 3234 1083 3295 contradit
1095 3255 1148 3316 par
1160 3237 1189 3296 lt
1202 3255 1235 3296 ce
1248 3237 1319 3316 qu’il
1334 3256 1352 3295 a
1364 3237 1475 3296 aranee

417 3325 489 3386 dens
502 3327 530 3385 le
543 3325 671 3405 chapitre
685 3325 851 3404 precedent,
866 3343 923 3403 que
936 3326 965 3384 lc
979 3324 1035 3384 duc
1049 3324 1085 3382 de
1098 3329 1271 3406 Bourgogne
1286 3325 1363 3386 avait
1372 3325 1444 3404 juge
1460 3329 1475 3383 l

416 3434 524 3495 propos
539 3413 698 3473 d’attendre
713 3413 741 3473 la
753 3413 828 3474 belle
842 3415 937 3474 saison
954 3433 1028 3494 pour
1043 3431 1225 3474 commencer
1238 3429 1283 3472 ses
1296 3411 1472 3492 operatione.

458 3507 488 3563 Ξ.
509 3507 598 3563 Entre
611 3504 823 3565 Pont-de-Mez
836 3516 865 3566 et
878 3501 1098 3566 sunt-tenent.

458 3596 487 3652 3.
504 3597 633 3650 invenite
647 3591 718 3653 dans
732 3593 760 3653 le
773 3615 828 3656 ms.

457 3687 487 3743 t.
510 3683 535 3742 1t
547 3705 568 3762 y
581 3705 599 3745 a
611 3685 648 3744 ici
662 3707 719 3746 une
735 3687 838 3746 lacune
850 3683 1058 3757 considerable,
1075 3684 1203 3764 quoique
1216 3683 1244 3744 le
1258 3696 1335 3744 texte
1350 3702 1380 3742 se
1393 3683 1476 3743 suive

418 3793 483 3835 sans
495 3773 687 3855 interruption
702 3777 773 3836 dans
785 3777 814 3836 le
828 3795 881 3836 ms.

458 3867 487 3924 t.
510 3866 586 3924 C’est
603 3865 630 3924 le
647 3885 717 3925 nom
735 3869 825 3944 qu’on
843 3865 961 3925 donnait
979 3883 1036 3924 aux
1050 3862 1158 3922 marius
1171 3876 1201 3924 et
1213 3861 1384 3924 marchands
1398 3863 1434 3922 de
1447 3863 1476 3922 la

417 3955 496 4034 ligue
509 3954 707 4034 hanseatique.

459 4046 488 4102 6.
511 4043 578 4102 Ceci
590 4056 660 4122 peut
672 4043 765 4103 servir
779 4044 816 4103 de
828 4045 1033 4104 commentaire
1045 4048 1061 4104 t
1072 4043 1247 4120 Commines,
1262 4043 1313 4123 qui
1328 4043 1369 4103 dit
1382 4041 1475 4103 seule·

420 4144 521 4190 ment:
540 4158 554 4186 α
571 4136 648 4191 Pour
668 4152 702 4192 ce
720 4145 812 4211 temps
829 4132 871 4192 les
887 4134 1026 4194 Ostrelins
1046 4135 1167 4194 estoient
1184 4151 1322 4216 ennemys
1342 4131 1393 4193 des
1410 4135 1475 4192 An·

420 4219 506 4299 glois,
520 4232 550 4279 et
562 4219 638 4282 aussi
653 4219 704 4280 des
719 4225 875 4298 Frunpoys.
891 4245 904 4276 ι
920 4227 955 4308 t..
969 4227 1024 4300 111,
1038 4224 1085 4285 ch.
1101 4243 1130 4284 v.
