3282 5168
352 535 410 592 298
623 533 881 592 mstomtuuu
900 534 1079 592 Lunovlct
1097 535 1142 592 XI

402 672 481 740 Dux
499 683 620 742 autern
636 667 957 766 Burgundionum„
973 667 1183 765 hujusmodi
1199 668 1326 742 litteris
1347 671 1415 744 du·

352 785 403 856 cis
428 785 616 858 Britanniae
645 809 729 856 cum
760 783 988 884 processibus
1014 784 1201 857 antedictis
1224 789 1412 886 susceptis,

352 901 583 974 vehementer
621 901 658 971 in
693 925 814 995 regem
854 900 907 972 ira
947 914 1096 999 propter
1134 900 1206 974 hoc
1245 926 1416 975 accensus

244 1051 250 1063 ·
351 1017 437 1114 (qui
472 1016 696 1115 exploratum
728 1016 811 1087 satis
843 1014 1024 1104 habebat,
1060 1017 1115 1087 sni
1149 1039 1278 1110 causa,
1314 1019 1416 1115 qnod

351 1156 434 1204 curn
461 1157 506 1204 eo
531 1158 570 1206 se
593 1131 813 1218 foederasset,
835 1132 953 1239 ipsum
978 1133 1173 1230 Aquitania
1191 1134 1319 1208 ducem
1340 1152 1413 1210 tarn

351 1248 541 1322 crudeliter
575 1262 680 1345 atque
710 1247 955 1321 inhumaniter
992 1248 1099 1322 luisse
1132 1249 1337 1345 necatum),
1368 1254 1415 1326 ad

233 1384 238 1393 ·
352 1367 527 1438 ultionem
552 1389 625 1438 suae
649 1365 747 1438 necis
774 1380 809 1437 et
834 1379 907 1437 tarn
931 1365 1105 1438 horrendi
1132 1365 1314 1471 lratricidii
1343 1394 1414 1440 no-

352 1503 450 1586 vam*
468 1480 637 1555 adversus
668 1505 805 1577 regem,
835 1480 928 1552 ultra
957 1482 1112 1580 priores,
1147 1481 1331 1580 querclam
1355 1509 1413 1557 ac·

352 1599 466 1698 cepit;
495 1597 804 1697 quemadmodum
828 1621 894 1695 per
922 1621 1003 1670 suas
1032 1599 1218 1697 epistolas,
1249 1625 1342 1697 quas
1367 1603 1411 1674 ad

352 1715 507 1812 singrdas
524 1717 694 1789 'civitates
716 1729 751 1788 et
776 1712 909 1811 oppida
928 1725 1105 1787 terrarum
1128 1739 1275 1788 suarum
1300 1731 1414 1789 trans·

353 1831 446 1903 misit
462 1835 489 1921 ¹,
526 1830 721 1918 indicavit;
751 1828 905 1900 ultorem
938 1829 1097 1926 ejusdem
1129 1831 1226 1902 necis
1253 1856 1291 1904 se
1319 1831 1414 1906 lutu-

351 1972 432 2020 rnm
467 1946 662 2044 recipiens,
697 1959 873 2041 quantum
899 1943 968 2016 sibi
998 1968 1103 2044 posse
1138 1947 1317 2020 Dominus
1348 1949 1413 2022 do-

352 2075 465 2143 naret.

403 2177 505 2250 Unde
516 2189 636 2249 castra
646 2199 689 2248 ex
707 2173 856 2248 belvaco
869 2199 1038 2269 movens,
1054 2199 1189 2274 suaque
1203 2202 1332 2276 parurn
1347 2181 1415 2255 sibi

351 2295 462 2366 fausta
486 2291 676 2366 obsidione
701 2291 854 2384 soluta¹,
879 2292 948 2364 iter
970 2319 1075 2366 suum
1092 2319 1218 2368 versus
1233 2301 1415 2372 Norman·

351 2411 449 2484 niam
461 2409 600 2483 direxit.
617 2409 685 2482 Ubi
696 2435 781 2482 cum
793 2433 898 2506 agros
914 2408 1047 2509 ubique
1065 2411 1264 2487 cultoribus
1281 2439 1415 2490 vacuos

353 2527 548 2619 inveniret,
567 2527 729 2625 quicum
741 2525 954 2599 animalibus
970 2542 1005 2599 et
1018 2525 1183 2621 bobus',
1200 2555 1280 2628 quae
1293 2556 1415 2605 secum

352 2644 443 2717 serre
461 2657 646 2742 poterant,
660 2644 829 2716 silvarum
841 2641 988 2717 latibula
1004 2668 1067 2716 seu
1079 2647 1292 2722 remotiores
1303 2663 1415 2724 terras

352 2787 395 2832 ex
412 2763 509 2860 regio
526 2760 698 2834 mandato
720 2759 908 2858 petierant,
923 2759 1037 2851 villas,
1057 2786 1200 2860 quaqua
1226 2766 1415 2838 transitum

351 2877 519 2966 faciebat,
538 2878 620 2974 igne
632 2873 816 2975 populavit
827 2890 862 2947 et
874 2877 1035 2949 vastavit.
1052 2877 1121 2950 Sed
1134 2893 1169 2952 ct
1180 2879 1413 2978 oppidulum,

352 2994 453 3091 quod
478 2994 819 3066 Castrum-Novum*
842 2989 1053 3091 appellatur,
1072 2992 1337 3068 habitatoribus
1358 2997 1417 3069 in-

352 3111 500 3183 veniens
525 3132 698 3199 vacuum,
726 3107 887 3180 similiter
913 3108 1085 3182 incendit.
1119 3114 1292 3185 Putarunt
1320 3137 1417 3186 non-

352 3226 440 3299 nulli
450 3226 566 3323 quod,
578 3225 624 3298 ad
638 3224 824 3297 serendum
834 3225 963 3298 auxilia
974 3225 1059 3298 duci
1071 3227 1276 3322 Britanniae,
1289 3244 1417 3302 contra

298 3439 303 3448 ἱ
352 3366 461 3439 quern
475 3341 707 3441 personaliter
720 3366 781 3412 rex
798 3343 991 3416 exercitum
1010 3367 1182 3438 magnum
1199 3360 1235 3416 et
1251 3344 1415 3418 validum

395 3592 424 3646 t.
446 3591 486 3646 Le
500 3600 577 3646 texte
595 3586 631 3647 de
650 3598 723 3646 cette
738 3587 821 3647 lettre
834 3598 877 3646 est
889 3589 904 3645 d
918 3585 946 3645 la
960 3585 1034 3646 suite
1048 3585 1088 3645 du
1102 3587 1265 3648 commines
1283 3587 1322 3647 de
1335 3594 1416 3648 len·

351 3681 410 3761 glet
425 3679 601 3756 Dufresnoy,
619 3689 641 3738 t.
655 3681 714 3754 111,
728 3697 758 3758 p.
775 3679 847 3739 198.
861 3675 924 3735 Elle
937 3689 981 3735 est
994 3675 1076 3735 darte
1094 3675 1134 3735 du
1150 3680 1187 3736 16
1201 3677 1296 3752 juillet
1318 3681 1416 3753 ΗΠ,

352 3791 391 3832 au
403 3790 487 3851 camp
504 3769 610 3829 devant
631 3769 784 3829 Beauvais.
807 3771 883 3830 C’est
897 3767 982 3826 d’elle
1003 3785 1061 3845 que
1078 3765 1202 3826 Thomas
1224 3769 1309 3826 Basin
1325 3787 1344 3828 a
1363 3769 1418 3828 tire

351 3873 414 3921 tout
427 3882 460 3920 ce
473 3859 545 3939 qu’il
558 3859 601 3918 dit
613 3879 663 3920 sur
676 3859 704 3919 la
720 3873 794 3920 mort
808 3860 848 3919 du
862 3860 918 3920 duc
932 3858 969 3918 de
983 3857 1127 3931 Guienne,
1145 3867 1208 3916 tant
1220 3856 1292 3917 dans
1305 3857 1333 3918 le
1349 3859 1418 3937 prd-

353 3963 416 4012 sent
435 3949 581 4030 chapitre,
609 3968 667 4028 que
690 3949 761 4010 dans
779 3949 807 4010 le
819 3949 949 4029 chapitre
962 3969 1014 4009 xrr
1027 3947 1068 4008 du
1086 3946 1163 4009 livre
1179 3951 1239 4024 111,
1257 3947 1415 4022 ei-dessus,

353 4062 374 4121 p
393 4133 423 4190 Ξ.
447 4133 487 4188 Le
503 4131 541 4188 22
558 4127 653 4201 juillet
666 4131 757 4188 tm.

395 4223 424 4280 3.
445 4223 517 4280 Sans
529 4219 617 4279 doute
629 4218 650 4278 il
664 4217 725 4278 faut
735 4217 789 4278 lire
805 4217 886 4277 rebus
899 4237 937 4277 au
948 4215 1007 4276 lieu
1022 4215 1059 4275 de
1074 4215 1168 4278 totu.

396 4315 424 4369 t.
449 4309 616 4370 Naufcbltel
629 4329 665 4369 an
679 4308 758 4370 Brsi.
