3272 5182
358 515 415 570 176
630 509 887 571 fflsromnutuu
906 509 1086 570 Luuovtct
1105 511 1150 568 xt

356 642 491 741 pestive
503 641 774 739 Burgundiones
793 639 981 739 providere
995 639 1195 740 potuissent
1210 639 1312 736 quin,
1333 639 1423 712 mul-

356 757 402 829 tis
424 782 461 829 se
484 756 698 832 dedentibus
720 756 921 830 civitatibus
941 771 976 828 et
996 739 1140 855 oppidis
1159 755 1259 853 (quae
1283 755 1423 836 adhoc

358 867 561 944 laciendum
578 872 663 944 satis
679 871 881 944 voluntaria
898 870 1051 966 erant)¹‚
1076 868 1257 965 usquead
1278 867 1366 942 fines
1387 883 1424 940 et

358 989 531 1060 terminos
555 987 729 1060 Flandriae
754 986 890 1085 absque
916 1010 1047 1083 magno
1072 984 1216 1082 negotio
1242 999 1424 1082 penetras·

358 1117 423 1176 set.
461 1103 570 1191 Quod
602 1101 826 1192 evidentius,
860 1103 1013 1175 emensis
1040 1098 1195 1172 subinde
1221 1098 1335 1172 tribus
1361 1116 1424 1174 aut

357 1232 514 1316 quatuor
543 1217 648 1290 annis
679 1217 829 1307 enituit,
865 1241 949 1289 cum
981 1215 1237 1290 Ambianenses
1264 1215 1359 1287 cives
1388 1229 1424 1287 et

358 1333 670 1425 Sancti-Quintini,
687 1333 831 1404 nemine
843 1357 905 1404 eos
917 1333 962 1405 ad
976 1333 1046 1406 lroc
1057 1331 1131 1404 ullo
1142 1346 1248 1430 pacto
1260 1343 1419 1430 urgente,

358 1450 559 1522 voluntarie
578 1473 655 1520 sese
676 1447 906 1520 dediderunt.
930 1447 1039 1534 Quod
1059 1449 1089 1520 si
1108 1461 1196 1519 tunc
1212 1447 1258 1520 ad
1278 1449 1423 1520 restrin-

359 1565 518 1662 gendum
531 1565 599 1636 tale
611 1564 826 1664 periculum,
842 1562 1072 1635 Eburonibus
1084 1587 1104 1634 a
1117 1575 1217 1660 tergo
1232 1561 1420 1656 derelictis,

359 1681 539 1779 principes
553 1679 855 1776 burgundionum
866 1704 948 1750 cum
961 1679 1034 1750 suis
1044 1678 1159 1776 copiis
1171 1680 1420 1768 accurrissent,
1433 1721 1435 1726 ν

358 1821 433 1868 non
451 1810 504 1868 est
520 1795 622 1868 facile
638 1794 737 1866 dictu
755 1819 839 1866 cum
851 1808 986 1891 quanta
999 1794 1131 1866 saevitia
1152 1793 1220 1892 ipsi
1238 1792 1424 1866 Eburones

313 2001 316 2008 ,
360 1909 607 2002 Brabantiam‚
629 1913 865 1996 Namurcum,
889 1910 1117 1982 Hannoniam
1138 1925 1321 2007 terrasque
1337 1911 1424 1982 vici·

359 2053 423 2100 nas
450 2025 826 2128 incendiis,¹caedibus
856 2039 963 2123 atque
986 2027 1121 2124 rapinis
1149 2026 1426 2125 complevissent

360 2160 396 2216 et
410 2156 621 2216 vastassent.

411 2264 491 2331 Non
509 2257 623 2330 multo
641 2281 727 2330 vero
744 2270 826 2358 post
842 2259 1083 2331 reversionem
1100 2283 1122 2332 a
1139 2259 1310 2351 Diuanto,
1328 2257 1427 2342 illus-

361 2375 424 2448 tris
435 2372 494 2446 ille
509 2372 706 2472 Philippus,
721 2374 1019 2470 Burgundionum
1033 2373 1119 2468 dux,
1132 2374 1345 2448 valefaciens
1357 2399 1427 2446 suae

361 2490 458 2563 dulci
475 2487 691 2580 Brabantiae,
711 2513 794 2561 cum
808 2505 989 2562 extremos
1006 2514 1078 2564 suae
1094 2491 1202 2588 hujus
1219 2491 1379 2564 mortalis
1392 2504 1429 2562 et

361 2606 572 2681 transitoriae
594 2605 674 2677 vitae
697 2605 941 2705 propinquare
964 2621 1128 2680 cerneret
1152 2607 1243 2700 dies,
1270 2633 1335 2708 per
1358 2606 1427 2680 llu-

361 2749 444 2796 men
476 2747 519 2796 ex
542 2722 703 2798 Brucella
724 2722 964 2794 Machiliniam
993 2738 1029 2796 et
1052 2739 1335 2823 consequenter,
1362 2747 1427 2824 per

362 2838 590 2930 Gandavum,
606 2837 791 2911 lnsulense
805 2837 1011 2937 oppidum¹‚
1030 2839 1093 2912 ubi
1109 2867 1215 2914 suum
1232 2857 1429 2914 extremum

362 3089 488 3152 l’auteur
501 3112 519 3151 a
532 3089 613 3171 parile
630 3089 697 3169 plus
709 3087 782 3147 haut
798 3087 904 3148 etaient
920 3090 991 3153 dans
1007 3115 1041 3154 oe
1054 3094 1125 3172 bnt;
1139 3095 1211 3156 mais
1224 3099 1365 3177 quoiqu’il
1381 3099 1430 3159 edt

350 3183 428 3258 ‚de‘ja
440 3182 508 3242 bien
522 3181 574 3241 des
587 3181 677 3268 griels
690 3191 791 3239 contre
802 3179 831 3238 la
843 3181 953 3245 maison
969 3184 1005 3244 de
1019 3190 1206 3268 Bourgogne,
1221 3188 1242 3246 il
1253 3209 1291 3248 ne
1303 3189 1431 3250 trouvait

363 3292 415 3352 pas
427 3292 484 3350 que
497 3271 559 3331 cela
572 3271 615 3329 lut
627 3289 706 3329 assez
717 3289 793 3348 pour
807 3269 901 3328 servir
911 3269 1045 3336 d’excuse
1059 3279 1076 3335 a
1088 3276 1117 3336 la
1127 3291 1248 3356 rupture
1262 3279 1334 3340 d'un
1347 3280 1430 3340 truite

364 3362 442 3420 aussi
458 3361 586 3421 solennel
600 3377 658 3439 que
672 3357 748 3418 celui
761 3359 799 3420 de
815 3361 960 3424 Conflans.

406 3455 435 3510 l.
458 3455 493 3508 Et
507 3450 582 3509 voici
597 3450 762 3529 pourquoi:
782 3477 795 3502 α
811 3456 853 3510 Le
868 3466 962 3515 comte
982 3455 1019 3516 de
1037 3452 1214 3516 Cherrollois
1228 3469 1322 3518 estant
1336 3463 1352 3518 a
1370 3459 1431 3518 Pe-

366 3545 474 3614 renne,
490 3537 520 3597 la
535 3537 647 3618 gabello
662 3537 698 3598 de
714 3539 770 3612 sel,
790 3539 915 3620 laquelle
933 3543 953 3604 il
968 3545 1047 3606 avoit
1061 3544 1173 3619 misius
1188 3548 1204 3604 i
1218 3542 1312 3611 l’aller
1327 3567 1364 3608 en
1377 3566 1432 3607 son

366 3645 480 3707 voyage
501 3626 539 3686 de
563 3629 687 3702 France,
712 3627 826 3688 l’annee
848 3628 970 3710 devant,
995 3636 1011 3692 i
1034 3634 1182 3709 Perenne,
1204 3637 1381 3698 Montdidier
1403 3651 1433 3698 et

366 3721 463 3794 Roye,
479 3727 508 3775 et
523 3716 632 3794 promis
645 3714 682 3774 de
701 3715 727 3774 le
743 3737 802 3774 non
821 3717 926 3791 jamais
942 3721 1013 3781 faire
1027 3721 1156 3796 cueillir,
1171 3723 1192 3781 il
1210 3727 1310 3784 remist
1323 3747 1387 3800 sus;
1404 3739 1434 3784 et

367 3825 490 3867 mesmes
504 3805 552 3864 seit
567 3805 712 3865 recueillir
726 3803 767 3865 les
782 3809 943 3889 arreraiges
960 3811 1049 3892 d’ung
1063 3831 1112 3886 an,
1127 3832 1186 3892 que
1199 3811 1304 3874 ladictc
1320 3814 1434 3896 gabelle

366 3896 477 3956 n’avoit
492 3894 574 3974 point
586 3913 690 3954 couru.
709 3897 851 3974 Laquelle
865 3897 953 3959 chose
968 3900 1018 3959 fcit
1037 3901 1145 3981 perdre
1163 3923 1201 3962 au
1220 3905 1327 3984 peuple
1348 3907 1433 3985 espe-

368 4005 454 4044 rance
474 4004 531 4063 que
551 3984 588 4042 ila
609 3984 728 4043 avolent
746 4005 784 4044 en
799 3986 860 4059 lui;
876 4001 905 4046 et
922 4009 976 4068 par
994 3991 1134 4071 especial‚
1150 3993 1171 4052 il
1187 3993 1231 4052 lut
1245 3994 1286 4056 du
1300 4007 1362 4055 tout
1375 3996 1433 4056 mal

368 4074 405 4135 de
422 4075 508 4136 ceulx
527 4073 670 4134 desdictes
694 4086 785 4135 terres
807 4080 847 4135 ou
868 4077 896 4138 la
915 4079 1029 4158 gabello
1048 4083 1179 4160 conruit,
1194 4097 1224 4143 et
1243 4103 1297 4164 par
1313 4099 1378 4147 tous
1391 4086 1434 4146 les

367 4183 440 4243 pays
453 4164 615 4244 racheptez.
635 4189 648 4215 υ
664 4169 691 4223 J.
708 4165 870 4243 Du'clercq,
887 4171 1051 4244 Memor'res,
1070 4170 1089 4232 l.
1106 4175 1144 4246 V,
1162 4193 1189 4235 o.
1204 4193 1276 4233 nvn.

408 4257 438 4312 2.
460 4254 505 4313 On
519 4273 556 4313 ne
573 4253 733 4333 s’explique
747 4273 801 4333 pas
817 4271 875 4331 que
892 4254 921 4314 le
941 4256 998 4318 duc
1019 4259 1059 4319 ait
1074 4260 1135 4340 pris
1155 4281 1208 4341 par
1224 4263 1346 4326 Malines
1358 4283 1434 4344 pour
