3282 5168
551 535 662 594 moun
684 536 867 608 QUARTUS.
1181 539 1233 598 341

181 668 282 768 equis
294 683 331 740 et
341 670 461 762 armis,
477 691 578 742 more
587 670 799 762 Germanic,
817 685 1064 772 competenter
1076 670 1238 744 instructi

180 798 293 860 erant.

523 997 779 1091 ctruutuu
804 1021 896 1090 xm.

179 1211 299 1282 Quiliter
308 1231 353 1266 rex
362 1214 527 1270 Francorum
539 1211 705 1285 recuperarit
716 1211 922 1284 Papinianum
933 1207 1002 1264 etde
1013 1209 1159 1264 innumeris
1169 1229 1243 1282 pune

212 1293 321 1364 jacturis
330 1306 357 1347 ct
367 1292 486 1362 damnis,
496 1311 554 1362 que
566 1291 728 1364 burgundie
740 1290 816 1346 ducis
828 1303 903 1344 terro
916 1304 941 1344 et
953 1288 1052 1344 subditi
1063 1288 1104 1343 sui
1114 1291 1244 1348 eFruuoie

216 1373 286 1446 presi
297 1386 373 1486 ,mt’
387 1372 469 1428 finitis
482 1373 597 1466 treugis,
612 1370 678 1426 dnm
690 1372 781 1428 adbuc
791 1386 852 1428 ente
863 1371 985 1428 Nunnium
996 1371 1025 1426 in
1036 1369 1176 1428 obsidione
1189 1391 1243 1428 mn·

217 1470 291 1512 neret
311 1499 317 1512 .

229 1624 385 1698 Collecta
408 1609 515 1726 igitur
545 1641 617 1700 tam
638 1649 831 1700 numerosa
857 1624 1099 1717 multitudine,
1126 1629 1243 1725 putari

181 1744 352 1843 potuisset
379 1742 677 1839 Burgundionum
704 1742 852 1834 ducem,
882 1741 945 1840 qui
962 1741 1068 1840 longe
1086 1745 1244 1816 minores
1318 1719 1321 1734 ¹

180 1881 302 1930 secum
318 1859 440 1955 copias
456 1856 624 1948 habebat,
645 1857 691 1929 de
711 1856 793 1954 iuga
810 1857 931 1955 potius
946 1856 1114 1952 cogitare,
1134 1881 1242 1954 quam

181 1972 227 2045 de
238 1973 478 2073 exspectando
492 1972 599 2046 talem
612 1988 826 2072 tantumque
845 1974 1041 2044 exercitum
1057 1971 1240 2065 debuisse,

180 2090 374 2191 praesertim
399 2115 484 2162 cum
496 2091 571 2187 jam
596 2115 710 2190 prope
727 2072 868 2163 menses
892 2104 976 2160 octo
997 2088 1035 2159 in
1052 2088 1243 2166 obsidione

180 2221 264 2279 ante
281 2206 455 2297 Nussinm,
471 2220 656 2304 totamque
673 2206 845 2296 hiemem,
861 2227 940 2304 quae
954 2202 1143 2294 imbribus,
1162 2205 1243 2302 gelu

180 2337 287 2419 atque
302 2321 444 2394 nivibus
457 2321 540 2394 satis
555 2345 680 2421 aspera
697 2336 732 2394 et
748 2322 956 2422 importuna
969 2319 1048 2409 suit,
1066 2335 1245 2418 pertrans·

179 2437 288 2508 iisset.
326 2436 396 2526 Sed
424 2437 570 2526 nihilo,
604 2452 645 2509 ut
672 2436 884 2531 videbatur,
919 2435 1004 2508 inde
1030 2433 1240 2531 deterritus,

178 2555 344 2651 quamvis
384 2568 458 2626 tam
495 2578 540 2626 ex
571 2553 700 2625 ictibus
731 2553 979 2624 machinarum
1015 2551 1243 2626 obsessorum

104 2660 107 2665 ’
179 2693 290 2767 quam
309 2670 412 2741 variis
428 2694 471 2742 cx
488 2666 625 2742 morbis
641 2669 834 2740 contractis
852 2666 901 2739 ob
922 2667 1068 2764 longam
1092 2668 1160 2740 sub
1182 2668 1243 2743 dio

178 2786 459 2858 remorationem
474 2800 581 2883 atque
600 2783 871 2874 dormitionem,
889 2783 1038 2880 aliisque
1054 2782 1245 2883 quamplu-

179 2904 278 2975 rimis
298 2900 670 2989 incommoditatibus,
692 2899 776 2972 sutis
797 2923 1027 2972 numerosam
1045 2898 1243 2972 multitudi·
1305 2893 1321 2915 ''

179 3043 263 3092 nem
289 3017 461 3109 militum,
487 3031 671 3089 armorum
690 3028 726 3086 et
747 3039 925 3113 equorum
947 3014 1135 3104 amisisset,
1155 3040 1242 3088 con·

178 3147 312 3207 stanter
327 3149 363 3206 et
386 3147 655 3234 perseveranter
675 3133 712 3204 in
735 3154 799 3204 sua
827 3130 1017 3203 obsidione
1035 3130 1239 3228 persistens,

178 3253 404 3350 imperatoris
416 3263 610 3323 etsuorum
621 3253 885 3324 Germanorum
897 3249 1093 3322 adventum
1103 3272 1245 3347 exspec-

179 3367 290 3441 tabat.
308 3367 378 3440 Sed
396 3368 480 3466 quia
497 3367 543 3440 de
559 3391 672 3467 prope
692 3365 905 3439 imminebat
921 3363 1003 3436 finis
1021 3379 1240 3460 treugarum,

178 3507 273 3583 quae,
292 3485 345 3556 uti
356 3482 523 3574 diximus,
540 3509 654 3581 usque
672 3483 717 3554 ad
731 3482 844 3554 finem
857 3480 998 3580 aprilis¹
1013 3480 1108 3552 iuter
1122 3505 1243 3576 regem

179 3585 399 3674 Francorum
420 3613 457 3672 et
479 3599 608 3672 ducem
629 3598 927 3695 Burgundionum
944 3611 1056 3696 pactae
1083 3596 1240 3690 inerant,

179 3741 304 3792 earum
320 3731 507 3817 rupturam
523 3730 630 3814 etque
648 3713 756 3786 finem
774 3713 977 3812 imperator
987 3727 1022 3785 et
1038 3712 1093 3784 sui
1109 3713 1241 3812 princi·

180 3859 243 3934 pes
259 3849 463 3934 exspectare
489 3832 718 3918 videbantur,
740 3843 800 3922 ut,
826 3829 1015 3901 Germanis
1038 3842 1080 3901 ex
1109 3852 1181 3900 una
1207 3844 1244 3901 et

178 3951 323 4024 Francis
348 3976 390 4024 ex
417 3952 526 4023 altera
542 3948 704 4049 partibus
726 3948 763 4019 in
787 3944 917 4018 ducem
944 3945 1240 4044 burgundionum

142 4203 144 4208 ·
218 4188 247 4244 i.
269 4184 403 4264 Cbepitre
414 4182 547 4264 imprimi
561 4182 632 4258 dans
642 4182 849 4259 i'Amplr'ssima
863 4183 998 4252 collectio,
1011 4191 1029 4240 t.
1043 4181 1093 4252 IV,
1104 4177 1160 4242 ool.
1170 4177 1242 4240 tu«

219 4277 248 4334 2.
272 4273 438 4351 ‹tt-desus,
455 4296 485 4354 p.-
498 4277 567 4334 339.
