3282 5168
498 504 508 531 ⁵
573 557 684 614 nisan
711 555 894 630 ousarus.
1206 558 1259 613 eu

255 689 327 763 Sed
342 713 417 762 non
434 703 510 762 erat
526 687 602 762 hac
621 689 788 781 saevior¹,
806 713 886 786 quae
901 702 1028 761 contra
1044 693 1267 762 Francorum

207 807 400 881 exercitum
416 805 619 898 dimicaret,
638 805 829 879 hostilitas.
853 803 1065 903 Pugnabant
1080 806 1177 878 enim
1194 806 1266 879 ele·

208 938 329 996 menta
344 937 471 996 contra
486 947 565 1015 eos,
583 945 626 995 ac
643 923 758 995 multo
774 921 855 1021 plus
871 921 1018 1023 deipsis
1036 937 1191 1019 stragem
1209 922 1266 996 fa·

207 1039 349 1113 ciebant
360 1038 589 1112 vehementes
601 1037 694 1112 illius
706 1039 861 1135 regionis
869 1053 905 1112 ct
916 1062 1017 1138 paene
1027 1037 1269 1112 intolerabiles

207 1155 292 1229 solis
307 1169 431 1246 aestus,
452 1155 516 1254 qui
529 1155 622 1229 adeo
639 1155 758 1253 magui
783 1179 868 1226 cum
885 1152 992 1250 longa
1011 1178 1077 1254 per
1093 1155 1268 1254 plurimos

208 1295 347 1344 meuses
363 1272 520 1345 siccitate
544 1271 607 1344 illo
624 1295 722 1344 anno
746 1293 847 1368 paeue
863 1268 998 1368 ubique
1016 1283 1192 1343 terrarum
1209 1294 1270 1345 ex·

207 1390 392 1484 stiterunt,
422 1405 461 1462 ut
486 1403 623 1463 veteres
646 1387 852 1462 Phaetontis
870 1385 1006 1460 fabulas
1023 1402 1059 1461 et
1073 1387 1269 1475 incendia,

208 1531 287 1604 quae
303 1503 372 1578 sub
390 1505 458 1580 illis
474 1505 657 1580 veteribus
681 1503 827 1577 fuerunt
842 1503 1091 1601 temporibus,
1110 1503 1269 1577 reditum
1324 1521 1327 1530 ’

208 1625 306 1696 esse¹
332 1621 526 1695 videretur.
552 1625 635 1694 Non
652 1621 749 1693 enim
768 1632 846 1693 erat
861 1617 955 1691 ullus
983 1632 1056 1692 tam
1075 1645 1182 1692 senex
1207 1635 1272 1694 aut

208 1737 439 1837 grandaevus,
468 1735 532 1834 qui
563 1759 726 1832 unquam
756 1731 890 1806 similes
917 1733 1001 1806 solis
1026 1733 1173 1807 ardores
1198 1759 1271 1810 uua

208 1866 327 1926 aestate
346 1851 474 1925 vidisse
491 1851 724 1924 meminisset.
736 1855 824 1939 Quae
835 1873 893 1921 res
909 1849 1066 1939 Francis,
1084 1851 1147 1947 qui
1163 1850 1269 1922 etiarn

208 1969 365 2070 plurium
388 1993 510 2042 rerum
533 1967 813 2042 necessariarum
838 1968 991 2068 penuria
1017 1990 1109 2069 saepe
1132 1966 1271 2042 labora·

208 2085 297 2162 bant
320 2087 432 2184 (nam
452 2086 575 2158 omnia
601 2085 695 2158 illius
717 2084 873 2183 regionis
890 2097 926 2156 et
944 2083 1144 2156 vicinarum
1160 2097 1270 2157 terra·

209 2227 291 2274 rum
307 2200 474 2274 victualia
490 2225 564 2299 prae
587 2201 699 2272 nimia
718 2200 907 2272 hominum
927 2213 964 2272 et
985 2224 1162 2298 equorum
1179 2197 1271 2271 mul·

210 2316 361 2391 titudine
389 2316 734 2416 consumpserant),
767 2317 940 2389 maximas
961 2315 1079 2388 attulit
1101 2314 1268 2404 inedias,

209 2445 318 2532 atque
334 2433 504 2506 intereos
519 2432 694 2532 plurimos
711 2446 747 2504 et
763 2432 879 2504 varios
894 2431 1041 2504 morbos
1056 2431 1269 2523 cumulavit;

210 2550 377 2648 equibus
398 2549 560 2650 profecto
581 2549 690 2645 longe
713 2548 958 2649 pluresquam
978 2547 1097 2648 gladio
1118 2561 1154 2622 et
1174 2547 1270 2622 bello

210 2665 391 2765 absumpti
407 2679 443 2738 et
459 2665 621 2739 exstincti
633 2664 738 2738 luisse
754 2663 974 2737 ferebantur.

261 2786 353 2856 Cum
383 2805 470 2856 vero
503 2781 764 2881 primogenitus
790 2779 903 2852 lilius⁸
926 2782 1020 2876 regis
1038 2784 1268 2878 Aragonum,

212 2905 321 2995 agens
345 2912 431 2969 tunc
458 2897 495 2967 in
514 2896 659 2968 remotis
673 2896 767 2968 circa
793 2895 1014 2988 Valentiam,
1044 2894 1273 2970 intellexisset

212 3016 321 3112 regis,
345 3013 515 3110 genitoris
536 3012 616 3098 sui,
634 3013 840 3111 civiumque
863 3009 1092 3085 obsessorum
1113 3009 1273 3111 pericula

213 3146 250 3204 et
265 3154 471 3232 pressuras,
485 3130 613 3204 dolore
629 3130 842 3207 intrinsecus
860 3142 975 3201 tactus
984 3181 995 3218 ‚
1013 3128 1066 3199 uti
1089 3152 1156 3228 par
1172 3139 1249 3200 erat
1258 3184 1269 3219 ,

213 3248 313 3348 quod
330 3245 426 3320 idem
443 3271 529 3319 suus
546 3249 687 3345 genitor
700 3248 866 3344 civesque
884 3245 936 3318 illi
954 3242 1150 3318 fidelissimi
1167 3244 1274 3317 tantis

212 3363 439 3462 subjacerent
455 3365 646 3464 periculis,
668 3365 845 3463 tantisque
863 3362 1125 3437 calamitatibus
1149 3375 1187 3435 et
1209 3385 1274 3435 an·

213 3481 336 3578 gustiis
348 3493 610 3579 premerentur,
625 3479 788 3552 debitum
803 3479 850 3551 ad
866 3478 1034 3553 eumdem
1048 3493 1187 3578 patrem
1202 3477 1275 3578 pie·

213 3601 294 3672 tatis
321 3597 490 3671 exhibere
519 3620 648 3670 curans
681 3595 857 3690 officium,
893 3596 1043 3670 collecta
1073 3595 1122 3669 ad
1154 3599 1274 3670 statim

214 3715 376 3812 majore,
405 3737 514 3813 quam
537 3711 677 3811 potuit,
698 3725 772 3786 tam
788 3711 952 3810 equitum
978 3735 1089 3811 quam
1113 3711 1275 3811 peditum

214 3854 350 3923 manu,
368 3828 418 3902 ad
434 3827 622 3901 ferendum
642 3825 795 3901 obsessis
810 3827 936 3900 solatia
953 3841 990 3900 et
1006 3825 1053 3900 ad
1069 3849 1278 3901 succurren-

255 4123 286 4180 Ι.
306 4115 602 4180 Smurdsmtsms.

255 4215 287 4274 ἲ.
308 4209 444 4293 corriges
456 4212 578 4270 reditum
591 4214 640 4269 ἐπ’.

258 4309 287 4368 t.
309 4303 491 4380 seminus,
505 4301 675 4366 soracum&
687 4302 789 4383 depuis
802 4303 830 4365 la
845 4303 1026 4383 crustaque.
