3282 5168
569 525 680 610 unm
703 527 888 600 Quaarus.

545 825 801 896 CAPITULUM
828 827 903 896 XV.

221 1025 379 1100 Quomodo,
391 1027 543 1082 interventu
556 1027 707 1100 apostolica
718 1026 786 1082 sedis
796 1027 886 1100 legati,
897 1046 950 1100 pax
961 1027 1031 1084 iuter
1041 1029 1228 1104 imperatorem

485 1120 510 1163 et
523 1107 621 1164 ducem
630 1105 964 1183 Burgrmdiaeiactafuit¹.

243 1291 328 1365 Erat
347 1304 425 1362 tum
440 1289 599 1363 Coloniae
615 1291 701 1364 etin
721 1291 844 1364 castris
855 1291 1080 1390 imperatoris
1097 1294 1180 1366 satis
1194 1295 1260 1370 ire·

193 1432 309 1506 quens
326 1421 361 1478 et
381 1405 543 1480 assiduus
565 1407 735 1499 Andreas,
755 1407 945 1506 episcopus
959 1407 1260 1504 Forliviensis',a
1348 1395 1351 1402 ¹

193 1524 278 1597 sede
301 1523 496 1622 apostolica
512 1523 645 1622 legatus
670 1523 707 1602 iu
728 1537 847 1622 partes
869 1526 1088 1618 Germaniae,
1115 1529 1179 1626 qui
1212 1527 1260 1604 ad

192 1663 320 1742 pacem
336 1641 586 1739 hujuscemodi
602 1638 895 1740 componendam
913 1639 1066 1713 multum
1079 1643 1213 1718 laboris
1224 1660 1261 1718 et

178 1757 380 1854 ‘vigilantiae
396 1757 647 1857 impendebat3
666 1781 751 1829 nam
772 1756 920 1852 singulis
936 1781 1050 1856 prope
1069 1756 1196 1831 diebus
1212 1759 1259 1833 de

192 1873 408 1974 imperatore
424 1874 471 1946 ad
487 1873 631 1966 ducem,
648 1886 684 1946 et
699 1873 776 1944 vice
794 1895 908 1962 versa,
927 1872 1161 1946 intermedius
1182 1900 1260 1973 per·

193 1989 372 2064 currebat.
401 1991 510 2088 Cujus
536 1990 681 2063 tandem
702 2013 812 2089 opera
838 2002 946 2086 atque
969 1987 1153 2062 laboribus
1173 1989 1260 2064 elle-

192 2121 291 2180 ctum
317 2121 371 2179 est
395 2119 436 2176 nt
458 2121 628 2204 uterque,
648 2105 754 2178 certis
775 2102 992 2200 quibusdam
1013 2103 1175 2200 legibus,
1194 2129 1259 2179 sua

192 2241 305 2299 castra
326 2226 363 2296 in
387 2223 568 2297 diversum
591 2235 771 2324 mqveret,
791 2235 827 2293 et
848 2219 895 2292 ad
913 2221 1061 2320 propria
1076 2236 1257 2296 reverten-

176 2358 263 2434 tes,
282 2343 416 2440 absque
429 2341 526 2415 bello
547 2341 656 2414 ambo
673 2339 912 2412 discederent.

240 2459 348 2551 Quod
371 2483 455 2533 cum
472 2473 690 2530 conventum
706 2456 907 2548 exstitisset,
923 2455 1027 2528 itaut
1038 2457 1113 2553 jam
1128 2457 1257 2534 milites

190 2576 292 2649 ducis
310 2577 521 2675 Burgamdiae
540 2575 586 2648 ad
610 2573 758 2646 visenda
782 2586 897 2645 castra
921 2571 1119 2670 imperialia
1142 2578 1257 2649 securi

190 2693 414 2787 accederent,
433 2706 469 2766 et
484 2717 505 2764 e
522 2707 661 2777 contra,
679 2689 916 2786 venirentque
932 2703 1151 2761 mercatores
1166 2670 1255 2765 Bur·

190 2811 301 2911 gundi
322 2811 369 2884 ad
384 2807 629 2909 comparanda
649 2805 733 2878 vina
757 2820 992 2902 caeteramque
1018 2808 1254 2880 necessariam

188 2953 398 3022 annonam,
433 2925 564 3025 quibus
587 2922 758 2996 Germani
782 2920 1033 3010 abundabant,
1069 2925 1254 3021 Burgundi

188 3071 276 3119 vero
290 3043 520 3146 patiebantur
535 3040 737 3141 penuriam,
753 3038 912 3136 quodam
930 3037 1006 3130 die,
1026 3037 1157 3114 oborta
1177 3044 1252 3118 rixa

188 3159 496 3235 internonnullos
511 3184 554 3232 ex
573 3155 744 3229 militibus
761 3153 951 3227 ambarum
968 3155 1137 3254 partium,
1152 3172 1254 3256 pane

189 3277 357 3351 ellectum
379 3277 445 3350 suit
459 3289 523 3365 ut,
544 3287 651 3372 rupto
678 3272 834 3358 foedere,
852 3270 983 3341 iterum
999 3269 1126 3344 saevius
1144 3297 1254 3371 quam

188 3410 294 3470 antea
312 3395 359 3468 ad
374 3417 474 3466 arma
488 3403 777 3464 concurreretur.

237 3517 329 3587 Cum
345 3525 466 3584 autem
481 3510 557 3581 haec
572 3507 648 3580 rixa
665 3528 781 3602 prope
797 3503 961 3576 Nussiam
981 3502 1200 3601 inchoasset,
1217 3523 1253 3584 et

187 3631 366 3734 praesidia‚
384 3653 464 3727 quae
484 3625 716 3700 Colonienses
734 3645 776 3692 ex
794 3620 862 3692 alia
879 3619 958 3719 ripa
971 3619 1104 3714 Rheni,
1126 3649 1170 3696 ex
1186 3651 1252 3726 op·

187 3751 307 3851 posito
324 3748 470 3840 Nussiae,
490 3758 531 3816 ut
543 3765 651 3842 supra
662 3739 831 3830 diximus,
845 3736 1063 3832 locaverant,
1079 3739 1252 3837 hujusce-

188 3867 290 3942 modi
320 3866 432 3937 rixam
465 3857 819 3948 animadvertissent,
850 3853 1052 3927 insilierunt
1081 3855 1118 3928 in
1144 3882 1253 3934 naves

188 3983 370 4058 onerarias
380 4037 390 4074 ,
407 3981 566 4079 jacentes
582 3978 619 4050 in
637 3974 777 4066 Rheno,
795 3973 833 4043 in
850 3969 983 4070 quibus
998 3971 1071 4045 dux
1088 3978 1254 4072 Burgun-

228 4201 258 4260 l.
281 4197 418 4278 chapitre
430 4191 565 4272 imprime
576 4189 649 4250 dans
658 4149 865 4263 l’Amplissima
877 4188 1012 4258 collectio,
1024 4194 1046 4240 t.
1059 4182 1111 4257 1V,
1121 4181 1252 4251 cohidd.

229 4294 259 4351 2.
281 4285 447 4348 alexandre
456 4289 496 4358 (et
506 4300 566 4342 non
575 4299 627 4360 pas
636 4275 746 4350 Andri)
757 4275 981 4344 drMataterir'r,
995 4272 1108 4350 itique
1117 4277 1155 4334 de
1165 4277 1256 4342 Forli.

351 4415 379 4454 rr
1056 4383 1094 4440 2³
