3384 5184
452 553 509 610 148
726 547 980 606 nlsromltturu
1001 549 1180 606 Luuovlcl
1198 550 1242 606 xl

451 681 715 783 exspectabant,
736 704 844 778 quarn
855 679 901 752 ab
914 677 1006 752 duce
1021 684 1311 752 Normannorurn
1325 690 1509 760 consecuti

452 799 635 894 luissent),
655 797 751 869 misit
766 796 861 868 illico
876 796 922 868 ad
938 821 1058 892 regem
1075 795 1251 892 quosdam
1267 798 1508 895 iniquissimos

450 917 546 988 viros
563 915 608 988 ad
624 911 879 985 insinuandum
898 910 964 983 sibi
984 911 1191 1008 hujusmodi
1214 914 1420 1013 principum
1438 916 1507 990 dis·

448 1033 660 1104 cessionem.
688 1027 746 1098 Ob
773 1051 881 1123 quam
909 1027 1094 1124 prolecto,
1121 1028 1250 1100 accolis
1278 1032 1506 1104 Normanuiae

447 1145 523 1218 dies
537 1146 595 1218 ille
614 1145 722 1216 sestus
741 1143 777 1212 in
796 1164 963 1238 maguum
980 1141 1116 1214 luctum
1130 1157 1183 1214 est
1198 1143 1416 1216 conversus:
1441 1148 1504 1244 qui

446 1276 569 1360 postea
583 1273 730 1360 propter
742 1257 826 1348 hoc,
842 1282 925 1329 cum
939 1258 1074 1353 ingenti
1089 1260 1287 1332 vastatione
1313 1274 1348 1332 et
1368 1260 1501 1334 damno

444 1378 552 1448 totius
565 1377 699 1474 petrice,
714 1372 848 1471 experti
859 1388 942 1444 sunt
954 1395 1062 1470 quarn
1074 1399 1198 1446 verum
1212 1375 1256 1446 sit
1268 1375 1368 1471 quod
1380 1376 1502 1455 diviua

441 1492 700 1590 prophetarum
722 1487 866 1560 oracula
893 1487 1126 1560 cecinerunt:
1150 1519 1166 1554 α
1184 1489 1301 1560 Nolite
1319 1491 1500 1566 confidere

441 1608 477 1680 in
505 1607 724 1707 principibus
752 1605 897 1694 vestris;
922 1634 939 1670 a
964 1618 1000 1676 et
1020 1604 1115 1677 aliud
1135 1631 1143 1674 :
1166 1638 1183 1672 e
1206 1607 1412 1680 Maledictus
1436 1611 1498 1706 qui

439 1723 592 1796 confidit
619 1725 655 1795 in
679 1721 826 1793 homine
854 1734 889 1790 et
918 1721 981 1819 qui
1006 1722 1108 1819 ponit
1136 1746 1282 1795 carnem
1308 1724 1495 1800 brachium

438 1866 593 1912 suum.»

486 1953 678 2052 lmplentes
699 1954 795 2024 enim
820 1952 980 2023 Britones
1001 1951 1051 2023 illi
1067 1951 1345 2028 ambitiosissimi
1364 1970 1400 2028 et
1417 1981 1496 2030 ava·

436 2070 563 2140 nissimi
580 2084 688 2166 atque
709 2065 956 2166 perfidissimi,
977 2067 1067 2140 illud
1087 2067 1187 2166 quod
1206 2069 1346 2167 sapiens
1367 2071 1404 2142 in
1421 2072 1494 2144 suis

434 2184 631 2284 proverbiis
654 2183 769 2278 inquit
786 2210 793 2253 :
817 2183 1082 2255 «Occasionem
1099 2184 1241 2282 quaerit,
1268 2186 1330 2281 qui
1347 2187 1424 2259 vult
1439 2212 1493 2259 re·

433 2300 558 2374 cedere
569 2299 616 2373 ab
627 2300 762 2389 amico,
782 2329 799 2365 n
814 2314 855 2371 ut
867 2299 1118 2372 discessionem
1132 2315 1239 2397 atque
1250 2300 1492 2397 proditionem

431 2440 533 2490 suam
559 2415 679 2514 aliquo
703 2414 900 2488 honestatis
917 2412 1125 2511 obtegerent
1141 2415 1366 2509 velamento,
1393 2443 1491 2492 men·

430 2532 614 2605 ducissime
647 2529 900 2604 confinxerunt
930 2531 1029 2627 quod
1057 2531 1151 2604 cives
1187 2531 1490 2630 Rothomagenses

428 2651 719 2747 conspiraverant
740 2673 846 2720 suum
867 2646 1042 2745 perimere
1055 2645 1185 2719 ducem
1201 2661 1308 2745 atque
1324 2674 1430 2740 suos,
1459 2652 1489 2723 si

427 2766 463 2837 iu
484 2765 608 2838 urbem
626 2768 740 2865 ipsam
757 2764 992 2852 introiissent;
1011 2763 1109 2860 quod
1123 2763 1259 2860 utique,
1279 2789 1354 2836 non
1376 2767 1487 2839 modo

425 2885 593 2971 veritate,
612 2882 675 2954 sed
693 2881 801 2952 etiam
819 2878 918 2950 omni
937 2878 1241 2952 verisimilitudine
1257 2894 1364 2978 atque
1379 2907 1487 2983 appa·

424 2998 540 3068 rentia
558 3019 710 3068 vacuum
727 3015 827 3081 esse,
857 2991 958 3064 lacile
979 2989 1115 3089 liquere
1138 2993 1333 3092 unicuique
1353 3011 1481 3094 potest.

424 3111 621 3201 Quomodo
637 3110 734 3182 enirn
759 3121 879 3206 potest
904 3109 1093 3181 verisimile
1119 3109 1223 3182 alicui
1248 3111 1359 3186 videri
1385 3114 1483 3211 quod

423 3229 640 3321 Normanui,
664 3227 727 3324 qui
747 3225 830 3296 satis
853 3247 995 3320 graves,
1019 3225 1151 3298 oculati
1165 3217 1212 3298 ¹et
1237 3230 1483 3330 circumspecti

422 3372 497 3418 esse
514 3347 648 3438 solent,
668 3357 803 3416 tantam
818 3343 945 3414 mentis
958 3341 1214 3418 hebetudinem
1231 3347 1478 3440 incurrissent,

420 3473 460 3533 ut
478 3477 629 3552 tantum,
652 3461 787 3533 nedum
802 3457 908 3549 velle,
935 3459 1069 3532 sedvel
1085 3463 1240 3558 cogitare
1257 3482 1421 3562 possent,
1443 3485 1481 3542 ut

350 3581 354 3590 “
418 3603 502 3650 eum
518 3579 716 3678 principem
735 3591 771 3650 et
784 3601 869 3650 suos
889 3589 960 3647 tarn
986 3574 1123 3672 perfide
1140 3592 1175 3648 et
1192 3580 1268 3651 sine
1287 3580 1359 3653 ulla
1373 3605 1480 3658 eausa

418 3694 639 3790 exstinguere
656 3709 690 3767 et
707 3692 867 3793 perditos
884 3691 926 3762 iri
943 3691 1156 3785 voluissent,
1180 3695 1215 3766 in
1242 3695 1373 3792 quibus
1395 3697 1478 3770 solis

419 3809 628 3883 mortalibus
649 3825 684 3882 et
709 3835 773 3909 per
793 3832 885 3906 quos
910 3830 1010 3904 spem
1038 3831 1110 3880 suae
1135 3811 1355 3904 securitatis,
1383 3827 1476 3887 tran·

417 3926 598 4027 quillitatis
622 3939 656 3996 et
685 3926 781 4023 pacis
809 3923 1002 4022 repositam
1028 3947 1103 3994 esse
1131 3949 1206 3997 non
1233 3927 1472 4022 ignorabaut;

414 4060 450 4117 et
468 4043 619 4144 quibus,
637 4066 704 4140 pro
727 4037 910 4113 beneficiis
928 4040 964 4108 in
987 4063 1093 4110 suum
1116 4041 1254 4114 collatis
1274 4044 1474 4143 principem

412 4175 522 4256 atque
533 4155 804 4230 dilectissimum
815 4151 1204 4226 acdesideratissimum
1216 4153 1359 4251 ducem,
1370 4159 1473 4234 valde

411 4299 449 4346 se
463 4275 578 4346 teneri
594 4271 769 4368 obligatos
786 4283 892 4366 atque
914 4267 1092 4340 obnoxios
1109 4268 1185 4342 fore
1203 4272 1467 4368 agnoscebuu13
