3402 5186
396 531 435 588 tt
663 531 921 590 ffls‘roatttttut
939 531 1116 592 wnovlct
1136 536 1180 592 Χῖ

392 663 598 738 abolitionis
610 663 819 762 hujusmodi
832 664 1072 763 vectigalium,
1090 669 1265 764 consequi
1280 667 1457 768 putabant

392 779 628 853 abolitionem
656 795 693 852 et
719 781 1010 882 suppressionem
1039 780 1243 855 officiorum
1276 809 1376 882 quae,
1407 785 1459 858 ob

389 897 597 994 hujusmodi
621 897 756 970 tributa
780 911 815 970 et
838 896 1022 994 vectigalia
1046 897 1269 997 colligenda,
1296 901 1456 976 instituta

391 1015 524 1106 lorent3
546 1013 595 1087 ad
611 1037 648 1086 se
664 1036 810 1111 quoque
827 1012 1007 1086 transferri
1028 1013 1264 1110 tributorum,
1287 1042 1366 1116 quae
1388 1018 1457 1091 im-

390 1129 561 1230 ponenda
583 1143 716 1222 essent,
742 1127 1009 1223 collectionem,
1034 1155 1224 1204 causarum
1250 1157 1396 1231 quoquc
1421 1147 1457 1205 et

389 1248 519 1338 litium,
533 1271 612 1344 quae
624 1247 708 1319 inde
723 1246 914 1337 orirentur,
929 1246 1185 1320 deductionem
1202 1248 1249 1322 ad
1272 1249 1457 1323 ordinaria

389 1363 596 1458 tribunalia,
623 1362 661 1434 in
687 1362 818 1460 quibus
840 1363 956 1435 solent
979 1364 1182 1462 postulare,
1205 1363 1349 1438 devolvi
1374 1389 1455 1465 spe·

388 1493 521 1552 rantes.

438 1595 540 1668 Unde
558 1610 604 1693 ‘ex
621 1594 717 1668 dicta
732 1596 916 1670 Parisiensi
932 1595 1035 1688 urbe,
1053 1598 1092 1669 in
1112 1622 1186 1694 qua
1202 1575 1339 1674 dictum
1363 1602 1456 1698 reg'n

389 1733 603 1812 responsum
627 1725 856 1811 acceperant,
881 1713 919 1784 in
939 1737 1039 1785 suam
1062 1717 1194 1787 reversi
1211 1717 1452 1815 provinciam,
1477 1707 1482 1718 ’

390 1830 427 1900 in
442 1829 598 1928 quadam
615 1829 891 1926 congregatione
905 1830 1026 1900 Trium
1042 1832 1207 1905 Statuum
1221 1833 1356 1933 patriae,
1375 1857 1456 1929 quae

389 1965 497 2043 super
513 1941 615 2043 [hoc]
634 1942 847 2038 Rothomagi
863 1940 1038 2016 celebrata
1056 1945 1139 2040 fuit,
1159 1945 1216 2018 his
1234 1947 1299 2045 qui
1316 1947 1361 2018 de
1380 1962 1456 2021 tota

390 2061 575 2162 provincia
595 2059 658 2133 illo
679 2074 942 2154 convenerant,
965 2085 1087 2157 regem
1107 2063 1247 2158 magnis
1267 2064 1456 2162 praeconiis

390 2177 552 2249 attollere
562 2175 1456 2276 etpraedicarecoeperuut:quodomniahujusmodi

392 2293 616 2389 vectigalium
631 2315 773 2391 genera,
790 2307 901 2392 etper
913 2291 985 2366 hoc
999 2291 1130 2385 officia,
1148 2319 1228 2392 quae
1242 2295 1455 2370 eorumdem

392 2411 581 2483 occasione
597 2411 714 2510 posita
727 2423 845 2483 essent
858 2401 913 2507 (ut
929 2408 1139 2502 electorum,
1157 2412 1453 2506 granetariorum,

392 2531 633 2626 receptorum¹
654 2541 935 2623 ceterorumque
953 2525 1104 2622 hujusce
1121 2526 1313 2624 impietatis
1331 2529 1455 2600 minis·

390 2643 556 2740 trorum),
575 2643 701 2716 tollere
721 2657 827 2741 atque
843 2640 989 2715 abolere
1005 2639 1095 2713 velle
1112 2641 1273 2734 dixisset,
1292 2655 1399 2740 atque
1417 2644 1454 2714 in

390 2780 518 2831 eorum
537 2757 683 2832 arbitrio
706 2773 742 2832 et
762 2756 948 2830 voluntate
970 2780 1146 2855 reponere
1165 2781 1239 2853 quo
1257 2757 1371 2829 modo
1392 2781 1456 2855 pe-

388 2874 531 2948 cuniam
551 2899 623 2972 qua
638 2899 731 2975 opus
746 2872 912 2964 haberet,
933 2886 968 2944 et
985 2896 1058 2971 qua
1074 2871 1206 2963 torma,
1225 2896 1267 2944 ac
1283 2897 1348 2972 per
1364 2895 1456 2969 quos

391 2988 562 3064 officiales
586 3016 648 3064 seu
664 2991 847 3062 ministros
870 2987 989 3086 colligi
1005 3003 1040 3060 et
1055 2988 1165 3061 levari
1180 2988 1327 3061 vellent.
1348 2992 1456 3060 Cum·

391 3130 462 3202 que
483 3103 759 3206 simplicioribus
778 3102 867 3177 inibi
884 3104 1058 3195 collectis,
1077 3103 1171 3176 mala
1187 3102 1341 3202 plurima
1358 3118 1454 3176 retu-

388 3220 511 3295 lissent
526 3246 605 3318 quae
622 3246 685 3322 per
705 3220 821 3294 dictos
840 3219 989 3315 electos,
1014 3220 1234 3319 granetarius
1254 3243 1454 3316 eorumque

388 3337 571 3411 ministros
588 3336 664 3410 lieri
679 3335 784 3410 solita
800 3352 933 3427 essent,
952 3352 989 3408 et
1004 3329 1182 3436 praecipue
1199 3333 1345 3406 eosdem
1364 3333 1455 3405 insi-

389 3451 566 3526 mulantes
588 3452 741 3552 graviter
763 3453 882 3550 quod,
906 3477 1014 3552 supra
1038 3475 1218 3524 summam
1242 3475 1307 3549 per
1334 3474 1455 3546 regern

389 3566 593 3665 impositam
615 3567 824 3666 jussamque
845 3566 955 3640 levari
977 3591 1085 3668 super
1105 3565 1277 3666 patriam,
1305 3565 1342 3635 in
1367 3578 1454 3636 tan-

389 3683 551 3757 tumdem
570 3686 628 3758 vel
648 3684 802 3784 amplius
822 3684 890 3784 ipsi
913 3685 1066 3784 patriam
1089 3683 1283 3782 quotannis
1308 3703 1454 3778 gravare

388 3816 638 3896 consuessent,
657 3817 693 3873 et
706 3826 771 3900 per
785 3801 875 3894 hoc,
895 3827 937 3873 cx
951 3800 1095 3900 publica
1110 3799 1238 3900 populi
1253 3796 1453 3871 calamitate

388 3920 580 4022 patriaque
601 3917 876 4018 exspoliatione,
901 3919 997 4016 ipsos
1020 3915 1238 3989 tributorum
1262 3911 1451 4002 officiales,

388 4036 425 4106 in
441 4035 564 4136 paucis
581 4034 685 4109 annis
702 4031 833 4134 opibus
850 4047 1062 4123 crescentes,
1081 4031 1209 4104 divites
1224 4045 1333 4128 atque
1351 4028 1454 4100 locu-

425 4311 454 4366 t.
480 4333 494 4361 ι
511 4310 566 4366 Les
580 4307 730 4368 obices...
747 4303 852 4379 d'elus,
864 4302 902 4362 de
918 4303 1091 4384 granatim,
1104 4302 1141 4362 de
1155 4321 1320 4362 receveurs.
1334 4325 1347 4352 ι
