3384 5184
389 556 447 611 llll
661 553 917 612 fflSTottItltUtt
936 553 1113 611 LUDOVICI
1132 553 1175 612 xl

438 685 508 757 Sed
534 685 590 756 his
613 685 783 758 omnibus
806 683 1066 758 calamitatibus
1091 682 1324 782 adjiciebatur
1351 685 1452 783 quod

389 828 473 894 rex,
506 803 567 901 qui
598 803 822 902 provinciam
846 816 958 875 totam
984 800 1200 899 implacabili
1233 800 1332 873 velut
1364 801 1453 874 odio

388 917 522 992 habere
539 917 741 1011 videbatur,
760 944 804 991 co
820 917 921 1017 quod
937 917 1181 1008 allectionem,
1202 941 1313 1016 quam
1328 917 1376 990 ad
1398 941 1450 1011 se,

388 1035 435 1108 ad
468 1060 678 1134 germanum
712 1060 817 1106 suum
843 1033 977 1107 habere
1003 1035 1182 1133 potiorem
1210 1033 1449 1123 indicassent,

389 1168 565 1251 tanquam
585 1152 642 1224 leo
665 1152 810 1246 rugiens
826 1175 891 1223 seu
915 1175 1019 1223 ursus
1036 1151 1218 1239 esuriens,
1248 1151 1393 1224 tributis
1413 1165 1450 1224 et

387 1267 620 1364 vectigalibus
631 1267 795 1338 immensi
812 1265 982 1366 ponderis
996 1268 1112 1366 ipsam
1126 1267 1357 1366 provinciam
1366 1291 1454 1339 one·

387 1385 502 1458 rabat.
523 1389 602 1456 Non
619 1385 716 1458 enim
732 1384 960 1456 miseratione
975 1397 1161 1482 permotus
1178 1383 1279 1482 quod
1294 1383 1356 1473 ita,
1378 1397 1452 1456 tam

377 1527 410 1576 .a
435 1503 506 1575 suis
529 1501 699 1574 militibus
723 1525 832 1600 quam
853 1527 872 1574 a
891 1502 1114 1591 Britonibus‚
1135 1495 1371 1600 provinciales
1395 1503 1452 1574 di·

387 1621 480 1718 rcpti
496 1618 711 1718 spoliatique
728 1617 890 1710 luissent,
911 1617 1161 1689 remissionem
1174 1617 1331 1716 aliquam
1347 1618 1453 1690 lacie-

386 1736 450 1810 bat
465 1736 706 1827 tributorum3
734 1732 797 1805 sed
817 1757 860 1805 ea
881 1733 996 1805 multo
1018 1732 1195 1832 ampliora
1210 1759 1286 1806 esse
1298 1734 1401 1832 jussit
1417 1748 1453 1806 et

389 1853 578 1952 imposuit,
606 1874 716 1947 quam
733 1863 816 1920 ante
835 1846 1074 1921 calamitatem
1090 1849 1341 1952 hujuscemodi
1358 1851 1451 1923 civi-

363 2023 366 2034 ,
389 1970 479 2040 lium
495 1967 756 2038 discordiarum
774 1965 1010 2057 exstitissent;
1034 1987 1093 2036 eas
1116 1987 1275 2037 summas
1290 1965 1452 2038 resarciri

389 2081 529 2179 sibique
542 2079 732 2152 instaurari
743 2078 883 2171 volens,
899 2102 987 2176 quas
999 2103 1190 2176 germanus
1202 2104 1288 2164 suus
1301 2079 1448 2171 tulisset,

389 2197 478 2268 dum
503 2197 541 2266 in
566 2194 752 2293 provincia
780 2191 981 2266 exsistebat.
1008 2198 1155 2266 Praeter¹
1175 2194 1246 2266 hoc
1272 2209 1394 2267 autem
1415 2209 1451 2268 et

390 2310 600 2399 nonnullos,
620 2326 693 2382 tam
711 2308 937 2382 ecclesiastici
951 2309 1087 2382 ordinis
1103 2334 1213 2406 quam
1229 2309 1332 2404 alios,
1357 2311 1451 2383 cives

391 2431 561 2528 optimos,
580 2441 707 2500 contra
723 2425 936 2498 abolitiones
952 2450 974 2498 a
990 2451 1027 2497 se
1043 2427 1215 2524 praestitas
1227 2442 1265 2499 et
1282 2451 1452 2526 compac-

390 2559 479 2618 tatas
499 2569 585 2619 cum
603 2541 806 2616 civitatibus
829 2556 865 2614 ct
881 2541 1023 2641 oppidis
1039 2543 1179 2640 patriae,
1200 2543 1257 2616 vel
1273 2544 1452 2642 proscrip-

390 2661 548 2734 tionibus
562 2659 767 2748 damnavit,
795 2658 852 2730 vel
870 2656 1051 2756 suppliciis
1067 2657 1184 2730 allecit
1205 2686 1213 2728 :
1244 2657 1354 2746 nihil,
1384 2660 1451 2732 nisi

391 2793 568 2876 quatenus
580 2777 721 2867 liberet,
737 2775 783 2847 de
803 2761 1051 2846 securitatibus
1062 2789 1098 2845 et
1113 2773 1371 2848 abolitionibus
1386 2776 1454 2849 lac·
1545 2803 1547 2806 ·

393 2891 451 2990 tis,
466 2896 574 2968 etiam
586 2904 810 2966 sacramento
825 2889 987 2981 firmatis,
1006 2887 1202 2964 observans
1215 2891 1289 2964 sive
1305 2915 1449 2966 curans.

382 3133 548 3207 abolicion,
557 3131 628 3193 ledit
639 3132 675 3193 de
688 3137 818 3208 Lamon,
827 3151 903 3212 pour
912 3151 945 3190 ce
956 3151 1014 3210 que
1026 3151 1058 3192 sa
1073 3133 1179 3193 lemme
1192 3132 1231 3193 l'a
1244 3132 1451 3211 habandonnd,

391 3245 446 3305 par
464 3223 595 3285 mauvais
608 3222 735 3296 conseil,
751 3242 783 3281 se
796 3221 852 3282 soit
864 3231 948 3299 party
959 3220 996 3280 de
1009 3240 1062 3280 son
1074 3221 1168 3280 hostel
1184 3233 1213 3280 et
1224 3225 1382 3304 mesnaige,
1397 3243 1453 3285 au·

391 3314 460 3391 quel
476 3314 495 3373 il
511 3312 619 3372 s’estoit
638 3311 755 3372 retraict
776 3324 806 3370 et
821 3324 858 3371 en
878 3309 965 3368 icelui
983 3310 1077 3370 viruit
1093 3309 1352 3388 honorablement,
1370 3314 1453 3374 selon

392 3423 447 3463 son
460 3417 548 3480 estat3
570 3416 600 3462 et
618 3401 720 3482 depuis
737 3421 789 3460 son
806 3413 985 3480 partement,
998 3400 1038 3460 ait
1051 3401 1111 3460 este
1128 3403 1231 3461 nouve'
1244 3402 1344 3462 vivant
1359 3422 1410 3462 sur
1423 3403 1453 3464 le

392 3509 464 3571 pays
489 3511 555 3551 sans
580 3491 644 3552 rien
670 3490 771 3570 paler,
800 3503 845 3550 etc
848 3531 909 3550 .....
940 3488 1031 3548 Audit
1054 3489 1201 3568 suppliant
1225 3509 1317 3550 avons
1343 3492 1452 3567 remis,

392 3581 506 3659 quiete,
527 3581 677 3659 pardoune
695 3593 724 3640 et
745 3579 843 3658 aboly,
862 3593 955 3641 etc...
976 3579 1018 3637 les
1040 3597 1088 3637 cas
1106 3591 1135 3635 et
1157 3578 1261 3640 crimes
1282 3579 1383 3639 dessus
1399 3579 1454 3640 de-

391 3668 506 3735 clairez.
524 3681 606 3729 etc...
627 3668 730 3732 Donne
743 3670 760 3726 t
774 3667 913 3748 lugiers,
924 3687 963 3726 on
978 3687 1059 3746 moys
1077 3665 1113 3726 de
1128 3667 1225 3749 juing,
1241 3670 1298 3729 l'au
1315 3668 1351 3730 de
1367 3691 1454 3751 grace

392 3759 442 3818 mil
460 3779 529 3826 cccc
544 3758 674 3817 soixante
687 3758 794 3830 douze,
810 3771 839 3817 et
854 3757 891 3816 de
903 3771 1001 3817 nostre
1015 3760 1104 3838 regne
1117 3757 1144 3816 le
1158 3758 1315 3820 uttziesme.
1336 3784 1346 3808 ·
1363 3759 1449 3834 (Ibid.

391 3853 466 3932 Reg.
484 3852 554 3923 197,
572 3869 603 3927 p.
624 3852 706 3923 335.)
728 3883 768 3894 —
783 3847 808 3907 1t
825 3868 875 3926 ya
890 3867 997 3908 encore
1015 3867 1073 3906 une
1091 3846 1230 3907 abolition
1245 3849 1398 3929 generale,
1416 3870 1453 3910 en

393 3940 459 4000 date
473 3938 513 3998 du
528 3937 601 3996 mois
615 3936 652 3995 de
666 3937 762 4011 juillet
777 3938 867 4012 1166,
882 3956 959 4017 pour
972 3936 1015 3996 les
1031 3935 1175 3996 habitante
1190 3937 1230 3997 du
1242 3938 1391 4010 Cotentin‚
1411 3939 1452 3998 du

391 4030 486 4089 comte
502 4028 540 4087 de
561 4027 684 4085 illortain
706 4040 735 4086 et
754 4025 806 4085 des
825 4027 964 4087 vicomtes
979 4025 1016 4084 de
1035 4029 1129 4104 Caen,
1145 4027 1212 4086 Vire
1229 4041 1257 4087 et
1271 4027 1451 4102 Avranches,

391 4120 442 4197 qui
456 4118 571 4178 avaient
583 4116 643 4196 pris
657 4115 699 4176 les
711 4135 806 4176 armes
819 4117 856 4176 de
870 4117 935 4177 leur
949 4116 1019 4176 chef
1032 4117 1090 4177 aliu
1107 4115 1144 4176 de
1158 4137 1311 4196 repousser
1326 4117 1367 4177 les
1381 4121 1453 4177 Bre-

392 4208 568 4282 tons.(1bt'd.
583 4211 658 4287 Reg‚
675 4209 745 4279 tat,
761 4227 792 4286 p.
808 4209 893 4283 170.)

431 4300 461 4358 1.
484 4303 608 4376 Propter·
618 4299 689 4358 dans
705 4297 733 4357 le
746 4317 802 4361 ms.
