3282 5168
366 583 423 640 ³58
639 583 896 646 fflsrottllnttn
916 583 1095 642 LUDOVICI
1115 583 1158 640 xt

363 715 593 790 multitudine
601 716 764 813 equitum
772 729 808 790 et
817 714 980 814 peditum
986 713 1211 806 tutabantur,
1225 740 1294 790 nec
1302 718 1430 816 procul

362 858 425 906 rex
435 833 512 932 ipse
524 837 744 906 Francorum
757 832 894 906 aberat.
907 832 1017 929 lgitur
1026 856 1110 904 cum
1123 831 1222 906 idem
1234 833 1430 932 anglorum

239 1000 253 1022 .
363 975 425 1024 rex
447 950 494 1024 ad
525 952 642 1050 ripam
665 949 851 1042 fluminis¹,
875 972 920 1021 er
947 963 1047 1048 parte
1068 963 1248 1026 terrarum
1271 955 1430 1049 Burgum-

361 1066 514 1140 dionum
535 1065 654 1156 ducis,
672 1079 787 1138 castra
804 1077 957 1137 metatus
978 1063 1131 1152 luisset¹,
1156 1081 1431 1164 coaretatusque

361 1180 433 1253 illie
452 1196 488 1253 et
507 1178 634 1252 diebus
652 1179 789 1277 aliquot
811 1192 1029 1270 remoratus,
1056 1179 1166 1278 coepit
1188 1181 1341 1278 experiri
1364 1180 1429 1256 ali-

361 1298 472 1370 menti
488 1311 525 1368 et
543 1294 666 1393 pabuli
689 1307 724 1365 et
746 1293 983 1392 pecuniarum
999 1296 1189 1394 penuriam
1207 1310 1316 1392 atque
1333 1296 1431 1370 dese-

360 1429 472 1487 ctum.
492 1417 655 1508 Cumque
672 1409 781 1509 aliqui
802 1410 847 1483 de
866 1411 939 1484 suis
959 1410 1005 1482 ad
1022 1410 1272 1510 pabulandum
1295 1414 1431 1486 flumen

360 1528 658 1628 pertransiissent,
675 1527 771 1601 illico
783 1529 821 1600 in
834 1527 963 1600 milites
974 1531 1210 1615 Francorum,
1225 1529 1289 1626 qui
1302 1553 1432 1604 eorum

360 1642 643 1744 opperiebantur
667 1643 883 1736 adventum,
910 1643 1156 1731 incurrerunt,
1178 1644 1240 1741 qui
1259 1667 1322 1715 eos
1337 1644 1432 1718 virili

360 1758 493 1832 robore
502 1773 609 1857 atque
622 1760 848 1834 animositate
860 1758 1089 1857 excipientes,
1103 1759 1290 1832 nonnullis
1303 1783 1432 1832 eorum

358 1878 455 1952 casis
468 1891 530 1950 aut
540 1879 670 1977 captis,
681 1877 838 1975 reliquos
847 1875 998 1975 pavidos
1010 1890 1045 1948 et
1055 1891 1249 1950 trementes
1259 1878 1297 1949 in
1310 1878 1432 1976 lugam

358 2009 566 2092 coegerunt.
591 1999 642 2064 Ex
665 2019 739 2091 quo
758 1993 933 2084 deterriti,
957 1993 1021 2090 qui
1045 1992 1082 2064 in
1105 1994 1230 2066 castris
1252 1994 1434 2067 constite-

358 2125 451 2203 rant,
471 2123 686 2209 perurgente
703 2133 766 2180 eos
782 2110 890 2181 etiam
907 2107 1015 2198 same,
1036 2109 1138 2185 orello
1152 2109 1266 2183 modo
1280 2111 1433 2185 transire

357 2227 494 2298 flumen
511 2240 619 2322 atque
636 2224 797 2296 hostium
816 2222 954 2322 ingredi
971 2238 1083 2296 terras
1097 2226 1173 2298 ausi
1187 2225 1350 2318 luerunt;
1366 2229 1432 2302 sed

358 2342 450 2414 inter
472 2367 510 2414 se
534 2354 801 2413 murmurantes
824 2356 861 2412 et
883 2355 1010 2412 contra
1032 2363 1139 2413 suum
1160 2367 1303 2438 regem,
1329 2345 1433 2441 quod

357 2459 590 2534 circumventi
607 2459 737 2549 forent,
754 2483 823 2530 nec
837 2459 888 2530 eis
907 2456 997 2530 fides
1013 2483 1035 2532 a
1053 2457 1146 2531 duee
1165 2462 1379 2556 Burgundiae
1395 2478 1435 2536 et

358 2576 435 2650 aliis
461 2578 498 2648 in
523 2575 637 2648 Gallia
661 2573 730 2646 sibi
758 2573 938 2647 ioederatis
961 2589 1163 2648 servaretur
1186 2576 1285 2672 (qui,
1314 2593 1356 2650 ut
1380 2579 1435 2653 eis

358 2694 560 2794 pollicitum
577 2692 703 2780 fuerat,
720 2717 758 2764 se
775 2717 848 2765 una
864 2692 1082 2788 conjungere
1099 2692 1331 2791 debuerant),
1348 2721 1436 2794 que·

358 2810 450 2884 relas
461 2834 609 2906 magnas
622 2809 668 2882 de
680 2807 886 2908 proditione
897 2822 933 2880 ct
944 2805 1096 2907 perfidia
1110 2833 1216 2904 agere
1229 2830 1431 2910 coeperunt,

359 2928 462 3026 quasi
478 2927 516 2998 in
535 2927 653 3001 fauces
672 2940 708 2998 et
725 2927 763 2999 in
782 2950 911 2998 manus
928 2925 1091 2998 hostium
1110 2925 1276 3024 perducti
1292 2933 1435 3030 exposi-

359 3045 459 3142 tique
472 3067 549 3116 esse
562 3043 784 3116 viderentur.
800 3046 963 3141 Cumque
980 3043 1017 3113 in
1035 3039 1112 3115 dies
1125 3043 1242 3140 major
1258 3067 1301 3118 ac
1318 3048 1435 3145 major

360 3161 472 3233 fames
488 3184 550 3231 eos
565 3173 772 3258 perurgeret
789 3159 1122 3258 constringeretque
1139 3163 1350 3256 necessitas,
1370 3167 1435 3263 qui

361 3276 459 3349 velut
475 3273 681 3348 effoeminati
696 3297 740 3346 ac
753 3274 906 3346 nimium
921 3275 1062 3374 pavidi,
1084 3302 1152 3350 nec
1170 3276 1262 3350 inira
1274 3283 1435 3354 Franco-

361 3416 443 3464 rum
461 3391 592 3464 limites
609 3389 741 3488 pedem
764 3390 896 3463 intrare
918 3391 1112 3488 auderent,
1140 3396 1250 3493 eoepit
1269 3421 1436 3472 murmur

362 3527 490 3578 eorum
510 3518 547 3577 et
563 3505 709 3603 querela
730 3517 808 3576 tum
824 3504 996 3580 adversus
1012 3533 1118 3581 suum
1133 3533 1272 3606 regem,
1293 3525 1371 3584 tum
1398 3529 1435 3586 et

362 3619 534 3697 adversus
562 3620 749 3721 praefatum
772 3621 904 3698 ducem
928 3647 970 3696 ac
995 3649 1081 3698 suos
1109 3625 1301 3700 foederatos
1329 3629 1433 3702 inva-

362 3739 508 3813 lescere.
692 3732 708 3760 ‘
1359 3805 1364 3816 .

411 3856 521 3947 Quod
538 3858 712 3959 cumipse
731 3857 925 3954 anglorum
940 3881 1004 3930 rex
1019 3858 1069 3932 ita
1086 3857 1166 3932 fieri
1181 3860 1339 3954 videret,
1357 3864 1435 3937 ani·

362 3999 537 4074 mumque
560 3999 646 4048 suos
666 3973 714 4047 ad
733 3973 958 4050 invadendos
978 3971 1101 4050 hostes
1118 3975 1287 4070 deficere,
1305 3979 1369 4078 qui
1385 3979 1434 4053 ad

378 4229 379 4232 Ἴ
405 4167 435 4318 i
455 4169 787 4320 lieffdlleugaiiutffirist
802 4251 912 4322 (beside
927 4273 945 4314 a
960 4253 1067 4336 village
1082 4255 1159 4316 calld
1170 4261 1321 4338 Seyocre),
1336 4261 1376 4320 ou
1388 4259 1431 4320 les

364 4347 483 4426 anglais
495 4366 526 4407 aa
540 4347 668 4407 tendent
679 4363 785 4406 encore
800 4344 828 4403 lo
843 4343 881 4403 ta
894 4345 964 4406 aodt
977 4347 1067 4406 1675.
1081 4349 1201 4424 Rymar,
1214 4361 1237 4410 t.
1252 4352 1322 4422 ΧΠ,
1335 4369 1365 4428 p.
1380 4353 1429 4408 u.
