3388 5168
417 525 456 584 50
684 519 940 580 tttsrotttttnuu
958 519 1135 579 Lunovtct
1155 522 1197 580 xt

417 651 587 750 coriisque
602 648 709 724 rebus
721 646 889 722 omnibus
903 649 1136 747 improvisum
1148 674 1195 724 ne
1207 651 1256 724 ite
1265 649 1355 725 illud
1368 653 1473 726 obire

417 764 599 864 cogendus
623 765 734 862 esset)
760 789 799 837 sc
822 778 1028 838 excusatum
1053 765 1147 863 opud
1174 790 1293 864 regern
1320 767 1468 860 faceret,

417 885 570 960 ollerens
587 908 626 956 se
640 895 770 982 praesto
788 895 825 954 et
838 881 1042 954 ultroneum
1059 880 1106 954 ad
1122 881 1160 954 id
1182 907 1313 956 munus
1334 883 1473 957 obeun-

416 998 522 1092 dum,
543 999 572 1071 si
592 998 739 1069 classem
760 997 968 1068 instructam
993 1009 1029 1066 ct
1054 994 1234 1074 militiam.
1256 1011 1471 1098 caeterasque

414 1113 539 1188 reond
563 1127 668 1187 tante
691 1112 743 1184 rei
765 1108 899 1184 molem
921 1107 1173 1208 perficiendas,
1203 1111 1402 1186 concedere
1433 1128 1471 1188 et

416 1230 615 1304 ministram
628 1225 745 1318 vellet,
761 1250 837 1298 non
852 1238 906 1298 est
920 1223 1126 1314 exauditum
1147 1225 1211 1298 sed
1228 1241 1365 1300 mature
1384 1253 1468 1300 cum

414 1348 537 1444 regina
555 1346 778 1418 transfretare
794 1356 848 1416 est
860 1342 1011 1440 jussus¹.

463 1467 661 1559 Aggregem
682 1460 802 1558 itaque
822 1457 1052 1531 collectitium
1080 1459 1232 1533 militum
1257 1485 1469 1554 numerum,

413 1578 554 1651 circiter
565 1597 678 1675 usque
692 1575 739 1648 ed
752 1575 975 1673 octingentos
988 1575 1100 1666 viros,
1113 1589 1187 1648 tam
1201 1577 1286 1668 suis,
1298 1601 1406 1677 quam
1420 1603 1473 1651 re·

414 1694 503 1790 gime
514 1691 741 1794 sumptibus¹,
755 1714 838 1764 cum
853 1691 982 1786 exigua
995 1703 1031 1762 et
1046 1691 1128 1762 exili
1138 1691 1250 1766 classe
1264 1694 1301 1765 in
1314 1695 1468 1767 Scotiam

340 1823 346 1834 ·
412 1832 496 1882 cum
509 1809 632 1906 regina
645 1806 793 1905 trajecit.
809 1803 878 1876 Ubi
891 1828 975 1876 cum
986 1805 1111 1878 Scotos
1121 1805 1167 1880 ad
1178 1806 1364 1882 serendum
1379 1813 1471 1884 llen·

411 1924 486 1998 rico
507 1923 637 1996 amttia
652 1922 877 2014 concitasset,
894 1933 930 1992 et
945 1919 1120 1994 nonnulla
1135 1946 1250 2021 eoque
1271 1947 1380 2022 parva
1402 1949 1470 2024 pro

413 2041 567 2114 ilenrico
579 2039 729 2130 lecisset,
744 2039 859 2109 Scotis
874 2051 973 2132 terga
989 2037 1228 2112 vertentibus⁸
1245 2055 1280 2112 et
1295 2043 1360 2135 eis,
1379 2067 1470 2141 quos

411 2179 532 2230 secum
555 2181 599 2230 ex
621 2155 841 2228 Normaunia
861 2153 1029 2242 duxerat,
1053 2153 1100 2226 ab
1119 2155 1270 2252 Anglicis
1289 2159 1386 2230 cresis
1410 2159 1469 2231 lu-

410 2273 528 2370 cisque
539 2273 596 2346 vel
607 2271 765 2370 captivis,
781 2270 818 2342 in
831 2270 1086 2343 Normanniam
1099 2272 1230 2344 iterum
1244 2296 1328 2344 eum
1343 2272 1470 2348 eadem

409 2389 533 2486 regina
548 2388 669 2461 denuo
684 2387 802 2460 redire
817 2398 962 2458 coactus
980 2401 1035 2458 est
1044 2389 1067 2457 ⁸.
1093 2390 1180 2474 Quoe
1196 2387 1302 2460 etiam
1319 2387 1365 2462 de
1382 2391 1469 2464 Sco·

410 2517 531 2576 torum
547 2499 618 2575 fide
633 2525 708 2574 non
725 2501 810 2574 satis
826 2523 967 2594 secura,
994 2499 1201 2574 Edoardum
1218 2503 1464 2601 impuberem,

408 2644 514 2692 suum
531 2619 745 2717 Henricique
757 2619 848 2714 regis
864 2617 981 2692 filium
996 2619 1157 2708 unicum,
1175 2643 1297 2692 secum
1310 2621 1464 2713 advexit,

409 2749 445 2807 et
459 2761 482 2809 a
497 2739 645 2829 Renato,
661 2758 744 2829 rege
757 2732 895 2823 Siciliae,
911 2747 1013 2832 patre
1027 2757 1108 2824 suo,
1122 2749 1270 2832 accepto
1285 2736 1322 2807 in
1338 2734 1468 2809 ducatu

410 2850 571 2923 Barrensi
583 2847 664 2921 loco
679 2845 726 2920 ad
743 2846 982 2932 monendum,
1001 2845 1064 2918 ubi
1082 2846 1264 2921 fortunam
1282 2849 1467 2922 meliorem

407 2965 459 3061 (si
481 2963 611 3036 divine
631 2961 753 3061 pietati
778 2961 948 3061 placitum
974 2960 1135 3056 adesset)
1159 2963 1376 3062 operiretur,
1405 2964 1468 3036 illo

408 3079 581 3177 perrexit,
604 3091 640 3151 et
663 3101 729 3174 per
751 3099 865 3149 annos
881 3073 1001 3175 plures
1020 3076 1091 3149 illic
1109 3076 1271 3171 delituit,
1295 3081 1373 3152 viro
1400 3105 1466 3152 suo

450 3355 480 3412 l.
502 3357 548 3411 Au
564 3349 663 3411 milicu
681 3348 780 3407 d’aotlt
795 3349 893 3420 ttot,
913 3345 940 3406 le
960 3345 1097 3407 mititem
1117 3350 1134 3406 i
1155 3351 1267 3408 Rauen.
1288 3349 1331 3410 Cl.
1346 3347 1468 3431 Lengltit

411 3441 587 3519 Dulresuoy,
603 3441 769 3511 commines,
784 3449 806 3498 t.
821 3441 861 3511 11,
876 3457 905 3516 p.
924 3439 995 3496 37³.

450 3532 479 3593 2.
503 3529 680 3606 Chmtelain,
700 3529 751 3607 qui
770 3540 888 3588 recente
905 3526 946 3586 les
962 3527 1135 3606 preparatils
1149 3526 1186 3587 dc
1205 3527 1391 3606 l'expeditioo
1405 3527 1469 3589 d'tr-

411 3621 478 3701 pris
493 3617 522 3680 le
535 3605 604 3678 r'ecit
615 3637 672 3697 que
687 3618 729 3677 lui
744 3637 781 3676 en
795 3615 872 3676 avait
884 3615 935 3675 tait
946 3616 1035 3675 Βιὲιό
1048 3615 1218 3692 lui-meme,
1234 3615 1357 3676 attribue
1372 3636 1410 3678 ιιι
1424 3618 1468 3676 roi

410 3705 439 3770 lo
457 3707 618 3769 loomitme
640 3707 677 3767 de
691 3727 724 3766 ee
738 3705 903 3784 contingent
915 3703 951 3763 dc
969 3703 1032 3764 huit
1052 3716 1131 3764 cents
1146 3704 1294 3782 hommes,
1314 3706 1386 3767 meis
1402 3725 1467 3767 mm

409 3809 513 3878 argent
524 3815 600 3875 pour
613 3795 654 3854 les
670 3813 770 3874 peyer·.
785 3797 821 3852 1¹²
835 3791 944 3871 partie,
962 3813 1075 3855 ccxiv.

450 3888 480 3946 ³.
502 3887 528 3944 t
542 3903 582 3942 un
595 3883 654 3943 lieu
667 3901 724 3960 que
736 3884 865 3961 Georges
878 3880 1039 3940 Chastelain
1052 3881 1167 3960 appelle
1182 3882 1247 3942 rtet.

451 3979 479 4036 l.
503 3977 577 4034 C’est
590 3991 627 4031 en
641 3969 780 4044 Flandre,
799 3989 836 4029 au
853 3983 919 4048 port
934 3967 971 4028 de
987 3959 1126 4043 l'lieluse,
1141 3983 1171 4030 et
1189 3990 1249 4031 non
1269 3991 1321 4049 pas
1338 3991 1375 4032 eo
1391 3976 1467 4032 llor-

411 4062 541 4136 mandie,
555 4080 613 4140 que
631 4059 729 4118 Pierre
742 4057 778 4117 de
796 4058 883 4118 meze
899 4076 1017 4117 ramem
1030 4057 1059 4118 la
1075 4058 1157 4117 reine
1171 4059 1389 4140 d’Angleterre,
1404 4063 1421 4119 l
1439 4061 1468 4121 la

409 4154 449 4212 llo
464 4151 505 4210 du
518 4149 592 4209 mois
605 4146 704 4206 d’aott
717 4148 805 4206 ttoa.
817 4143 990 4216 Chatelain,
1006 4149 1045 4204 11·
1059 4147 1164 4226 partie,
1180 4169 1206 4208 c.
1222 4169 1290 4226 1111,
1305 4161 1334 4210 et
1347 4149 1468 4230 Lenglet

410 4239 585 4316 bullenum,
602 4238 769 4308 commines,
783 4247 806 4298 t.
823 4237 863 4310 11,
877 4254 907 4312 p.
925 4237 994 4293 l'l8.
