3272 5182
555 595 665 655 LIBER
689 597 853 656 TERTIUS.
1172 599 1230 656 tet

175 744 274 820 sent,
292 753 366 800 non
392 751 543 828 parvum
569 753 779 821 moerorem,
798 729 890 802 ultra
907 730 1043 829 priores
1058 729 1228 825 injurias,

176 871 243 918 suo
260 846 382 917 animo
399 843 619 942 adjecerunt.

227 965 295 1030 Pro
319 983 391 1056 qua
412 985 450 1032 re
479 961 553 1059 ipse
578 959 651 1032 dux
672 961 816 1033 illustris
838 958 887 1032 ad
915 959 1105 1033 officiarios
1135 959 1233 1032 urbis

177 1074 470 1172 Rotbomagensis
490 1100 570 1148 suas
595 1076 748 1170 litteras,
767 1089 914 1174 questus
931 1075 977 1147 de
993 1075 1134 1172 injuria,
1153 1076 1234 1148 des·

175 1191 314 1264 tinavit.
332 1195 429 1279 Quas
445 1216 528 1265 curn
546 1192 799 1291 suscepissent,
817 1192 1073 1291 rescripserunt
1087 1189 1134 1265 ad
1150 1216 1234 1265 eum
1317 1243 1331 1262 .

177 1322 218 1379 ut
234 1321 460 1398 mercatores,
479 1332 635 1405 quorum
649 1321 759 1408 captae
775 1307 913 1380 fuerant
928 1332 1049 1396 naves,
1069 1307 1116 1380 ad
1132 1331 1235 1380 suam

178 1425 332 1498 mitteret
353 1427 547 1516 civitatem,
564 1440 598 1497 et
612 1425 712 1522 quod
728 1424 863 1499 eisdem
878 1426 1141 1498 restitutionem
1159 1449 1236 1497 om·

176 1541 361 1615 trimodam
388 1542 464 1614 fieri
489 1545 753 1640 procurarent¹.
773 1545 865 1614 Cum
881 1566 967 1612 vero
982 1540 1044 1614 illo
1060 1541 1128 1639 ipsi
1145 1565 1236 1612 mer·

179 1672 317 1732 catores
332 1659 526 1748 venissent,
544 1656 791 1729 admonitione
804 1657 860 1727 sui
875 1656 1046 1754 principis
1059 1655 1139 1728 freti
1159 1656 1238 1753 (qui

178 1773 285 1844 etiarn
300 1773 432 1846 litteras
449 1773 500 1843 eis
516 1771 662 1844 tradidit
675 1796 796 1843 secum
812 1770 1036 1863 deserendas,
1052 1796 1117 1870 per
1134 1794 1235 1868 quas,

178 1885 340 1961 officiarii
359 1887 492 1986 praefati
508 1885 704 1960 scribentes
717 1886 762 1958 ad
781 1911 884 1974 eum,
906 1887 1164 1958 restitutionem
1182 1885 1239 1957 sa-

177 2003 344 2082 ciendam
368 2004 627 2102 promiserant,
656 2019 691 2076 et
714 2004 814 2101 quod
839 2005 914 2102 ipse
937 2017 1153 2075 mercatores
1174 2027 1240 2102 pro

179 2145 220 2194 ea
238 2119 493 2217 consequenda
512 2120 558 2191 ad
574 2145 637 2191 eos
656 2118 865 2191 fiducialiter
881 2118 1103 2217 destinaret),
1118 2120 1241 2192 omnia

180 2261 326 2337 prorsus
350 2235 451 2307 aliter
472 2249 580 2332 atque
605 2235 671 2306 rati
698 2233 860 2325 fuerant,
885 2234 1124 2307 offenderunt.
1150 2238 1243 2307 Cum

181 2352 276 2424 enim
307 2349 508 2423 faciendam
535 2349 628 2440 sibi,
651 2351 752 2446 juxta
776 2351 951 2448 pollicita,
978 2351 1241 2424 restitutionem

182 2468 438 2565 persuasissent
454 2478 561 2561 atque
575 2479 770 2563 sperarent,
787 2465 876 2538 nihil
889 2480 1009 2537 tamen
1023 2465 1121 2537 aliud
1132 2489 1242 2563 quam

181 2584 326 2680 injurias
340 2598 448 2680 atque
461 2580 697 2653 contumelias
711 2597 940 2679 receperunt;
954 2582 1032 2652 caesi
1046 2581 1190 2652 enimet
1204 2581 1240 2652 in

182 2721 360 2771 carcerem
374 2697 474 2786 trusi,
489 2695 608 2768 multis
623 2695 772 2767 lacessiti
782 2694 924 2792 probris
936 2709 1042 2793 atque
1055 2710 1240 2767 contume-

182 2813 250 2904 liis,
275 2813 395 2886 ablato
420 2813 528 2885 etiam
548 2811 594 2884 ab
611 2813 653 2884 iis
669 2813 698 2883 si
713 2812 801 2909 quid
817 2809 913 2911 apud
930 2835 993 2883 eos
1009 2812 1127 2910 potuit
1143 2813 1244 2884 inve-

185 2930 271 3020 niri,
304 2931 354 3001 sic
378 2929 552 3028 expediti,
581 2928 629 3000 ad
655 2929 801 3028 propria
828 2925 963 3000 dimissi
1001 2929 1048 3000 ad
1077 2927 1243 3001 ultimum

189 3043 364 3118 suerunt¹.

237 3165 438 3261 Agnoscens
464 3174 583 3233 autem
607 3162 682 3261 ipse
699 3160 843 3234 illustris
860 3158 1158 3258 burgundionum
1174 3161 1245 3235 dux

225 3355 255 3411 i.
278 3353 449 3409 Procurator
464 3348 535 3408 dans
550 3349 577 3409 lc
592 3369 646 3409 ms.

225 3443 255 3497 ἰ.
273 3438 527 3516 Lacontre-partie
535 3437 572 3496 de
580 3458 627 3497 ces
634 3437 780 3498 violences
789 3450 832 3497 est
844 3437 916 3497 dans
926 3438 953 3497 le
961 3437 1062 3497 cahier
1068 3437 1119 3498 des
1127 3439 1249 3518 piaintes

186 3527 217 3586 lu
237 3531 251 3586 i
274 3527 454 3587 l'assemblee
472 3527 509 3588 de
526 3532 618 3586 Tours
635 3551 641 3586 :
660 3555 673 3582 a
689 3531 757 3608 Ung
774 3530 891 3588 nomme
907 3527 1033 3588 Raouiin
1049 3530 1247 3609 Courtevoye,

186 3615 359 3676 demourant
372 3619 390 3674 a
403 3613 583 3690 Quilieboeuf
593 3635 644 3674 sur
658 3617 759 3688 Scine,
779 3628 808 3676 et
824 3617 923 3676 Pierre
940 3621 1056 3691 Penon,
1078 3616 1250 3680 demourant

186 3708 334 3777 aiiouen,
350 3718 401 3765 ont
414 3705 473 3764 este
487 3705 567 3784 prins
581 3704 674 3764 suria
687 3724 760 3780 mer,
777 3724 847 3766 avec
865 3706 943 3765 leurs
957 3704 1039 3766 biens
1053 3719 1082 3766 et
1095 3709 1250 3770 marchan·

187 3794 279 3870 dises,
301 3816 354 3876 par
373 3795 415 3854 les
437 3812 507 3874 gens
529 3794 569 3853 du
588 3794 667 3854 sieur
687 3792 723 3852 de
743 3793 842 3853 Paime
862 3806 891 3852 et
907 3794 934 3854 lo
951 3795 1066 3854 maistre
1086 3798 1196 3874 portier
1213 3797 1250 3858 de

187 3874 321 3959 1¹n'ctuse,
337 3895 366 3944 et
379 3903 432 3964 par
446 3883 473 3943 le
486 3882 541 3941 duc
553 3883 590 3942 de
604 3887 778 3964 Bourgugne
789 3903 827 3941 ou
840 3902 885 3942 ses
898 3884 1038 3956 officiers3
1054 3897 1083 3942 et
1095 3884 1145 3964 luy
1159 3899 1251 3946 estant

187 3977 345 4056 itBruges,
367 3985 418 4034 ont
431 3973 490 4033 este
508 3971 649 4033 ddclairea
667 3971 748 4032 oudit
767 3972 827 4031 lieu
845 3972 881 4031 de
899 3976 1009 4052 Bruges
1024 3973 1200 4051 prisonniers
1213 3973 1250 4034 de

186 4061 284 4122 bonne
297 4083 413 4144 guerre,
424 4063 502 4123 leurs
512 4062 633 4122 denrees
644 4077 673 4122 et
681 4061 893 4122 marchandises
902 4076 977 4122 estre
986 4062 1023 4122 de
1034 4061 1131 4122 bonne
1141 4065 1249 4144 prinae,

187 4167 217 4214 et
230 4155 298 4215 eulx
310 4173 490 4232 raenponnez
502 4156 519 4212 d
531 4167 615 4236 grant
627 4171 737 4212 somme
747 4152 783 4212 de
797 4151 913 4212 deniers
927 4152 1008 4215 selon
1019 4151 1084 4212 leur
1093 4165 1178 4224 estat,
1194 4153 1250 4214 tes-

188 4243 274 4320 qnelz
286 4243 352 4303 leur
367 4263 384 4302 a
397 4261 531 4303 convenu
545 4243 626 4323 paier
639 4255 727 4303 avant
741 4242 831 4322 partit·
845 4243 882 4303 de
898 4244 1008 4323 prison.
1026 4269 1039 4296 r
1056 4241 1177 4322 Lengiet
1192 4248 1253 4303 Du·

189 4331 318 4411 fresnoy,
335 4335 501 4404 Commines,
517 4345 538 4391 t.
553 4335 608 4409 111,
623 4352 653 4410 p.
667 4333 717 4392 ⁸⁰.

351 4459 379 4496 ιι
1052 4445 1091 4500 ib
