3272 5182
374 513 433 568 196
646 505 909 566 ttIStuutAttmt
926 505 1106 564 LUDOVICI
1124 505 1167 562 XI
1278 551 1281 554 .

374 639 662 739 aggravationes,
692 639 938 730 anathemata,
970 639 1080 714 totius
1108 638 1231 736 patriae
1259 636 1439 733 generalia

313 813 316 820 .
371 755 564 832 interdicta
586 785 596 828 ε
619 781 709 855 quas
736 781 904 830 censuras
933 780 1060 828 omnes
1087 753 1287 828 diutissime
1313 755 1437 828 animo

338 955 342 964 ,
370 875 576 947 contumaci
593 888 703 972 atque
719 872 843 947 rebelli
858 871 1120 962 sustinuerunt,
1141 871 1278 945 nullam
1296 869 1437 944 illarum

369 991 626 1065 relaxationem
650 989 826 1090 prosequi!
843 1013 907 1060 seu
932 987 1096 1060 obtinere
1119 1003 1298 1060 curantes.
1328 989 1439 1060 Fasti-

370 1107 471 1180 dium
488 1107 585 1178 e‘nim
600 1104 807 1202 legentibus,
823 1104 943 1177 forsan
964 1117 1149 1202 generaret
1166 1117 1273 1176 tantae
1292 1127 1437 1175 eorum-

370 1217 453 1292 dem
470 1217 688 1318 pertinaciae,
702 1217 776 1290 imo
788 1216 990 1289 stoliditatis
1005 1230 1113 1315 atquc
1131 1215 1436 1312 stultitiaelongius

369 1333 544 1433 producta
567 1334 739 1406 narratio.
769 1334 975 1406 Omittimus
1000 1334 1107 1406 etiam
1130 1332 1262 1404 referre
1284 1331 1436 1430 qualiter

256 1453 259 1460 '
368 1473 433 1523 sua
466 1450 849 1550 praesumptuosissima
876 1449 1052 1541 fatuitate,
1081 1449 1293 1549 episcopum
1325 1448 1435 1522 elium

369 1568 444 1659 cui,
470 1592 536 1639 suo
559 1582 700 1666 spreto,
724 1581 908 1668 parerent,
933 1569 1093 1644 Marcum
1115 1565 1297 1657 videlicet,
1320 1565 1434 1639 filium

369 1684 585 1759 marchionis
604 1682 803 1776 Badensis¹,
828 1684 1065 1758 accersierunt
1093 1681 1194 1755 etad
1217 1706 1318 1756 suam
1348 1683 1434 1754 civi·

368 1815 475 1874 tatem
492 1799 743 1874 advocarunt¹.
765 1799 818 1872 Ad
834 1823 944 1900 quam
959 1823 1043 1872 cum
1063 1814 1198 1872 temere
1219 1799 1303 1871 satis
1327 1813 1435 1895 atque

367 1915 581 2006 inconsulte,
596 1915 691 1988 illius
707 1915 825 1988 insani
836 1932 944 2016 atque
957 1917 1079 1988 furiosi
1094 1915 1221 2015 populi
1231 1916 1436 2014 promissio·

367 2031 472 2107 nibus
496 2029 660 2124 allectus,
688 2033 907 2125 accessisset,
935 2056 1063 2105 eorum
1088 2027 1197 2130 paulo
1221 2047 1305 2132 post
1329 2033 1436 2106 furias

366 2163 477 2246 atque
496 2147 653 2222 insanias
674 2163 893 2241 exsecratus,
916 2148 1069 2220 consilio
1093 2147 1242 2222 meliore
1264 2164 1432 2249 accepto,

366 2263 414 2337 ab
430 2265 480 2338 eis
492 2263 666 2359 discessit,
685 2279 721 2338 et
739 2265 887 2338 minime
905 2265 1096 2358 rediturus,
1112 2261 1319 2366 adpropriet
1335 2291 1436 2365 repe-

368 2378 497 2454 davitt
965 2389 969 2398 '

407 2620 437 2680 l.
458 2616 540 2678 Lisez
551 2620 684 2697 fratrem,
697 2635 748 2678 cer
760 2617 781 2677 il
796 2616 880 2700 s'agit
892 2615 932 2677 du
941 2618 1069 2697 marquis
1083 2615 1161 2678 alors
1169 2617 1303 2698 regnant,
1317 2617 1436 2680 charles

365 2705 401 2767 de
414 2706 505 2781 Bade,
520 2708 572 2785 qui
587 2708 655 2767 etait
669 2709 696 2769 le
713 2709 793 2768 frere
807 2708 845 2768 de
858 2711 948 2768 Marc.

407 2800 437 2855 Ξ.
460 2799 541 2856 Marc
555 2795 591 2856 de
604 2796 683 2856 Bade
698 2797 741 2857 sut
754 2796 870 2876 appele,
887 2796 915 2856 le
929 2800 968 2855 24
982 2816 1060 2857 mars
1075 2801 1166 2873 ttae,
1181 2816 1240 2858 non
1257 2817 1309 2877 pas
1322 2818 1435 2858 comme

367 2885 496 2964 leveque,
514 2887 587 2946 mais
602 2906 716 2948 comme
732 2886 899 2963 mainbour,
916 2887 1023 2969 charge
1039 2887 1253 2948 d’administrer
1265 2890 1308 2949 les
1321 2889 1434 2948 allaire's

367 2977 562 3056 temporelles.
583 2977 641 3036 Son
659 2977 725 3036 titre
743 2975 848 3036 olficiel
863 2976 955 3036 etait:
978 2981 1119 3036 uMercus
1138 2976 1175 3036 de
1192 2981 1311 3046 Badra,
1331 2997 1435 3059 regens

367 3076 396 3124 et
418 3065 595 3146 gubernator
618 3085 652 3124 ac
677 3065 893 3128 administrator
918 3068 1019 3146 patriae
1037 3067 1224 3140 Leodiensis,
1251 3068 1372 3128 ducatus
1398 3067 1435 3127 de

368 3158 480 3214 Bulhon
495 3167 524 3214 et
536 3154 687 3215 comitatus
698 3157 856 3217 Lossensis.
872 3183 886 3208 ιι
898 3156 1044 3218 Adrianus
1057 3157 1094 3216 de
1103 3153 1322 3231 Veteri-Bosco,
1335 3164 1431 3236 Anopt.

369 3249 505 3320 collectio,
520 3256 541 3306 t.
560 3247 611 3318 IV,
629 3244 685 3303 col.
700 3247 777 3304 tam
794 3256 824 3304 et
837 3248 927 3306 1270.

411 3337 438 3394 3.
463 3339 501 3394 Sa
515 3333 631 3394 retraite
644 3347 688 3392 est
700 3334 885 3412 repre'sentce
897 3355 964 3395 sous
977 3356 1018 3395 un
1029 3349 1112 3396 autre
1122 3337 1192 3412 jour
1205 3355 1258 3416 par
1271 3356 1318 3396 unv
1326 3337 1435 3398 temoin

369 3423 519 3484 oculaire:
539 3451 553 3478 ι
569 3425 679 3498 Quarta
698 3414 1080 3505 septembris,10bsederunt
1095 3427 1271 3488 Leodienses
1290 3427 1389 3488 villam
1406 3441 1436 3488 et

369 3525 494 3572 castrum
513 3513 550 3574 de
570 3514 771 3590 Falcomonte;
792 3529 821 3576 et
839 3521 908 3577 turio
924 3515 1054 3577 marchio
1071 3517 1240 3594 (Badensis)
1259 3539 1326 3578 curn
1346 3520 1435 3578 fratre

371 3619 424 3660 suo
439 3605 568 3678 (Marco)
587 3615 616 3663 et
632 3603 815 3679 Alemannis,
832 3605 885 3686 qui
897 3625 995 3666 secum
1009 3620 1165 3682 venerant,
1181 3607 1316 3670 omnibus
1330 3608 1435 3668 relictis

371 3709 436 3768 qnae
449 3710 548 3764 secum
561 3692 727 3765 attulerant,
737 3693 861 3754 latenter
871 3695 999 3772 recessit,
1014 3694 1118 3756 timore
1129 3695 1184 3758 sihi
1196 3696 1325 3775 incusso,
1336 3698 1436 3758 nescio

370 3779 458 3840 unde.
474 3803 490 3834 s
506 3780 632 3856 Ibidem,
645 3782 702 3846 col.
719 3785 808 3843 1280.

383 3943 391 3960 ·
461 3921 474 3971 t
