3322 5172
475 571 476 579 κ
604 546 714 608 rum
741 549 913 621 omarus.
1232 552 1288 608 ssa

230 678 313 752 satis
325 677 616 752 irrationabiliter
637 681 859 779 praestiterat.
889 681 979 754 Nam
999 693 1146 777 perante
1172 678 1290 752 afficta

229 792 399 890 quadam,
421 789 550 892 parum
564 808 626 866 aut
638 792 726 865 nihil
740 795 878 888 ratione
894 808 931 866 et
941 793 1077 890 justitia
1091 794 1190 888 fulto,
1204 819 1291 892 que·

229 907 316 998 rela,
330 907 509 1006 quosdam
525 932 651 982 currus
668 907 845 982 mercibus
862 924 1024 1000 onustos,
1043 934 1123 1006 quae
1135 911 1291 983 nonnul·

229 1023 271 1096 lis
285 1024 542 1098 mercatoribus
554 1025 769 1098 Alemanniae
785 1025 1022 1123 pertinebant,
1036 1026 1128 1100 infra
1144 1053 1291 1100 eorum·

229 1138 313 1212 dem
335 1142 686 1214 Suitensiumterras
706 1165 750 1213 ac
775 1141 905 1213 limites
927 1142 1091 1239 nequiter
1110 1145 1291 1216 ¹invaserat

229 1270 337 1354 atque
351 1262 547 1356 rapuerat¹.
562 1261 630 1329 Pro
648 1281 718 1354 qua
735 1257 861 1356 rapina
871 1271 906 1330 et
919 1257 1060 1353 injuria,
1078 1273 1118 1331 ut
1133 1259 1290 1332 debitam

228 1372 504 1448 satisfactionem
538 1373 692 1460 faceret,
734 1370 780 1443 ab
810 1372 895 1470 ipsis
924 1372 1147 1446 Suitensibus
1177 1374 1291 1446 luerat

228 1487 418 1583 requisitus
434 1503 469 1561 et
480 1501 697 1576 summatum
712 1484 775 1557 sed
788 1500 995 1584 arroganter
1004 1501 1041 1558 et
1051 1487 1203 1586 superbe
1219 1487 1291 1560 hoc

228 1600 344 1676 lacere
363 1618 553 1689 recusarat.
578 1607 727 1700 Propter
740 1600 839 1696 quod
855 1601 922 1699 ipsi
936 1603 1117 1674 Suitenses
1127 1615 1288 1702 perante,

228 1729 269 1786 ut
285 1715 452 1810 diximus,
471 1731 603 1790 terram
626 1715 739 1814 ipsius
764 1715 969 1788 inuaserant
996 1728 1032 1786 et
1059 1717 1287 1815 pepulerant.

277 1832 407 1908 Sedcm
424 1833 530 1930 igitur
546 1831 717 1906 movendi
734 1831 770 1902 in
788 1832 969 1903 Suitenses
986 1830 1085 1920 belli,
1102 1832 1178 1904 dux
1201 1837 1292 1906 lau·

227 1952 397 2022 saunam’
421 1949 547 2047 elegit,
574 1964 609 2022 et
625 1973 700 2020 non
717 1947 844 2046 procul
861 1946 907 2019 ab
920 1947 998 2047 ipsa
1018 1948 1159 2022 civitate
1176 1963 1291 2022 castra

227 2063 379 2158 locavit,
409 2064 477 2138 sub
502 2065 646 2138 initium
668 2063 775 2136 veris.
805 2067 845 2136 ln
871 2062 1108 2160 quibuscum
1134 2063 1291 2137 multum

227 2180 461 2255 collectitium
477 2180 627 2255 militem
644 2167 877 2278 aggregasset,
898 2179 1082 2276 multaque
1098 2205 1206 2277 super
1219 2180 1290 2252 dis·

229 2299 407 2400 ponendis
435 2299 580 2372 aciebus
605 2311 640 2370 et
665 2298 792 2370 ordine
822 2295 1049 2369 observando
1077 2297 1290 2370 decrevisset

228 2427 335 2511 atque
358 2415 548 2506 statuisset,
569 2413 716 2487 tandem
739 2414 835 2484 circa
858 2411 968 2484 finem
995 2414 1127 2484 mensis
1156 2414 1292 2486 martii³

228 2531 341 2601 movit
355 2554 399 2601 eo
422 2531 517 2621 loco,
537 2544 573 2602 et
598 2527 745 2601 hostiles
775 2543 886 2599 terras
911 2529 1042 2599 intrare
1063 2543 1098 2599 et
1121 2529 1290 2602 invadere

227 2647 426 2719 constituit.
1079 2714 1081 2723 ,

277 2767 369 2836 Cum
400 2776 521 2835 autem
549 2786 624 2834 non
654 2759 833 2833 nescirent
866 2759 934 2859 ipsi
965 2760 1144 2834 Suitenses
1175 2761 1221 2834 ad
1253 2788 1290 2834 se

229 2903 428 2978 eorumque
451 2892 562 2951 terras
593 2877 769 2968 animum,
801 2873 948 2974 [quem]
974 2890 1174 2976 spectatum
1208 2881 1291 2951 satis

229 3011 357 3070 tumet
373 2996 558 3093 cognitum
575 2993 770 3086 habebant,
791 2990 859 3064 sibi
885 2991 923 3062 in
947 2992 1119 3065 limitibus
1139 2993 1228 3082 suis,
1248 3018 1291 3066 ea

229 3129 341 3212 parte,
360 3137 432 3210 qua
447 3137 531 3184 cum
554 3125 741 3210 penetrare
763 3108 854 3181 velle
869 3123 1101 3206 agnoverant,
1122 3109 1291 3180 audacter

229 3243 264 3301 et
274 3244 480 3302 constanter
491 3228 637 3301 obviam
650 3241 843 3316 venerunt,
860 3238 993 3298 etcum
1005 3239 1153 3298 onustos
1166 3251 1291 3299 currus

229 3346 276 3418 ad
291 3333 507 3435 numerum,
537 3368 646 3443 quem
669 3341 836 3414 nonnulli
855 3342 1147 3438 octingentorum
1162 3357 1199 3414 et
1214 3367 1291 3415 am·

230 3443 322 3562 plius
338 3487 415 3535 esse
428 3459 589 3533 ferebant
616 3458 761 3556 (quibus
784 3457 958 3530 machinae
973 3471 1009 3530 et
1026 3473 1218 3558 apparatus
1239 3476 1292 3533 to·

271 3651 299 3708 l.
321 3645 443 3706 Version
467 3645 615 3704 conforme
637 3644 654 3700 a
673 3642 746 3700 celle
766 3641 803 3700 de
824 3643 988 3702 Commines
1011 3668 1018 3701 ι
1047 3669 1061 3698 α
1083 3650 1117 3704 Et
1138 3663 1291 3728 pourquoy

229 3754 413 3804 commencea
428 3746 504 3792 ceste
519 3731 641 3811 guerre?
655 3731 695 3789 Co
714 3730 757 3788 sut
770 3750 846 3808 pour
863 3749 923 3809 ung
935 3730 1063 3791 charriot
1079 3733 1115 3793 de
1135 3735 1242 3814 peaulx
1255 3735 1292 3793 de

229 3836 363 3884 mcutons
376 3841 434 3900 que
449 3825 514 3900 Mgr
530 3820 567 3878 de
583 3824 709 3883 Romont
731 3818 810 3897 print
830 3820 848 3876 a
869 3835 929 3898 ung
952 3820 1049 3881 Suissa
1065 3835 1181 3900 passant
1194 3843 1247 3902 par
1261 3841 1292 3882 sa

229 3930 317 3975 terre.
338 3941 352 3970 a
366 3918 530 3988 Memoires,
543 3913 563 3971 l.
581 3916 616 3986 V,
632 3932 658 3969 c.
673 3931 694 3970 1.

270 4009 300 4065 ἲ.
322 4008 397 4064 C'cst
410 4003 488 4064 Orbe
500 4001 570 4080 qu’il
588 3998 679 4059 sallait
691 3996 755 4057 dire
771 4017 808 4056 au
825 3997 884 4058 lieu
898 3999 934 4059 de
950 4005 1111 4062 Lausanne.

270 4098 299 4155 3.
321 4097 363 4153 Le
377 4093 434 4152 duc
446 4092 483 4152 de
497 4095 670 4170 bourgogne
689 4086 777 4166 partit
792 4085 898 4148 d’Orbe
917 4109 991 4170 pour
1010 4093 1142 4149 Granson
1155 4091 1183 4149 le
1198 4093 1235 4150 tt
1249 4091 1292 4150 fc-

231 4186 309 4245 vn'er
326 4195 354 4242 et
373 4183 393 4242 il
412 4195 488 4242 resta
504 4185 520 4240 a
536 4183 670 4241 Granson
689 4177 826 4254 jusqu’an
840 4180 909 4254 jour
930 4178 968 4239 de
982 4179 1010 4238 la
1026 4179 1159 4254 botuile,
1180 4179 1231 4258 qui
1245 4192 1294 4240 eut

230 4275 289 4334 lieu
306 4274 332 4332 le
351 4277 367 4331 3
383 4291 459 4331 mars
476 4273 565 4330 tl'lb.
