3282 5168
395 525 477 591 ³⁰&
666 521 924 582 tantustantus
943 521 1122 582 mnovlct
1142 523 1185 581 XI

394 657 471 730 viro
485 655 585 731 bono
600 670 638 730 et
647 655 744 753 justo
760 657 837 730 siue
851 655 1092 731 exsecratione
1104 653 1220 728 audiri
1229 667 1360 753 potest.
1377 657 1457 728 Non

393 773 492 844 enim
506 773 588 846 satis
607 787 661 846 est
685 772 787 871 quod
802 771 941 846 bonum
957 773 1165 870 justumque
1185 783 1238 842 est
1258 773 1405 868 operari
1425 783 1461 844 et

392 890 582 990 prosequi,
601 889 668 960 nisi
683 889 786 986 justis
811 888 918 962 etiam
934 887 1081 978 mediis,
1100 899 1136 960 et
1153 909 1233 985 quae
1255 883 1390 959 scelere
1406 901 1460 959 at-

393 1029 465 1102 que
480 1005 702 1104 turpitudine
718 1020 862 1097 vacent,
877 1004 917 1077 id
932 1005 1049 1104 ipsum
1065 1015 1323 1102 prosequatur:
1341 1004 1398 1076 uti
1414 1001 1461 1076 de

394 1119 466 1194 hoc
495 1122 658 1194 omnium
688 1135 743 1194 est
772 1120 985 1219 sapientium
1013 1132 1121 1218 atque
1154 1116 1460 1218 philosophorum

394 1235 574 1310 unanimis
601 1250 637 1308 et
663 1258 816 1309 concors
841 1236 1033 1326 sententia,
1058 1235 1240 1332 Scriptura
1266 1235 1377 1306 etiam
1404 1231 1459 1304 di·

394 1365 497 1424 cente
515 1376 523 1420 :
543 1381 561 1418 α
578 1349 687 1439 Quod
698 1350 835 1448 justum
856 1364 927 1442 est,
942 1351 1036 1448 juste
1050 1349 1265 1448 exsequeris.
1285 1376 1306 1416 a

761 1681 1017 1754 capitutum
1042 1681 1102 1752 tv.

394 1885 542 1954 Quomodo
556 1899 582 1940 et
594 1903 626 1940 ex
637 1885 734 1956 quibua
746 1883 831 1939 causis
848 1881 980 1956 oppidum
991 1879 1181 1956 Perpiniannm
1191 1899 1207 1935 a
1218 1899 1281 1955 rege
1292 1881 1458 1936 Francorum

594 1964 690 2022 deecit
700 1977 727 2020 et
738 1983 792 2018 sese
804 1977 901 2039 ponte
913 1963 970 2038 regi
983 1960 1122 2035 magonia
1130 1957 1252 2017 tradidit.

443 2141 619 2241 Expedito
653 2167 762 2234 vero,
793 2166 868 2239 quo
899 2138 1126 2240 praediximus
1152 2135 1290 2224 modo,
1323 2139 1457 2210 comite

394 2259 586 2333 Arminiaci
613 2259 701 2357 (qui
728 2257 839 2332 filiam
866 2258 1006 2331 comitis
1033 2254 1079 2327 dc
1113 2259 1209 2326 Fuso
1234 2249 1396 2326 habebat
1421 2254 1457 2326 in

394 2401 570 2470 uxorem,
589 2376 733 2448 alterius
751 2361 937 2470 sororem,
965 2397 1044 2472 quae
1059 2371 1144 2444 duci
1169 2370 1359 2442 Britanniae
1383 2382 1457 2442 erat

394 2491 561 2591 nupta¹),
580 2491 709 2565 direxit
724 2515 785 2565 rex
808 2491 931 2590 copias
952 2512 1047 2576 suas,
1069 2511 1159 2586 quas
1181 2500 1308 2560 contra
1330 2485 1456 2586 prasa-

393 2625 471 2682 tum
494 2609 683 2681 Arminiaci
702 2608 945 2707 transmiserat
969 2605 1163 2692 comitem,
1186 2603 1225 2675 in
1241 2602 1455 2676 comitatum

395 2721 618 2817 Rossilionis,
636 2722 805 2795 adversus
822 2746 943 2822 regem
957 2726 1177 2819 Aragonum,
1195 2717 1243 2794 ad
1257 2742 1368 2815 quem
1390 2742 1454 2816 op·

393 2837 522 2938 pidum
546 2837 635 2911 illud
653 2838 791 2935 insigne
814 2837 1090 2938 Pcrpinianum,
1116 2833 1339 2933 praecipuum
1361 2834 1455 2931 ejus·

394 2953 478 3026 dem
499 2956 711 3047 comitatus,
731 2953 886 3028 factione
899 2951 1142 3052 quorumdam
1159 2947 1339 3043 nobilium
1356 2964 1457 3022 terrm

394 3067 504 3170 paulo
519 3084 603 3142 ante
614 3069 811 3162 deiecerat,
831 3083 888 3162 et,
907 3068 1016 3142 veluti
1032 3065 1192 3167 quodam
1206 3065 1452 3164 postliminio,

394 3184 443 3258 ud
458 3186 620 3260 naturale
636 3200 737 3258 terrae
753 3184 956 3258 dominium
972 3183 1138 3258 redierat.

441 3307 646 3379 Barcinona
662 3305 815 3406 quippe,
839 3329 918 3404 quae
940 3328 1004 3406 per
1030 3327 1146 3377 annos
1171 3302 1292 3404 plures
1315 3301 1455 3376 rebellis

395 3435 431 3494 et
462 3420 676 3498 inobediens
704 3420 881 3510 Johanni,
904 3421 978 3520 regi
1009 3424 1215 3518 Aragonum
1239 3434 1276 3494 et
1301 3443 1368 3492 suo
1390 3418 1456 3491 ira·

395 3536 441 3608 tri
466 3535 674 3635 alphonso,
704 3538 812 3610 etiam
836 3537 923 3611 oiim
944 3538 1019 3636 regi
1039 3541 1245 3634 Aragonum
1272 3549 1309 3610 et
1333 3535 1456 3610 Siciliae

397 3667 471 3725 tam
488 3653 581 3728 ultra
595 3680 705 3755 quam
719 3655 806 3728 citra
821 3653 997 3748 Pharum,
1015 3654 1212 3745 exstiterat,
1230 3665 1266 3726 et
1281 3650 1328 3725 ad
1340 3667 1455 3725 tutan·

396 3767 486 3842 dum
515 3795 553 3843 se
581 3785 616 3842 et
639 3769 904 3870 protegendum
931 3785 1056 3843 contra
1080 3769 1172 3842 vires
1197 3781 1234 3840 et
1260 3771 1456 3866 potentiam

397 3883 560 3980 ejusdem
577 3885 668 3984 regis
689 3887 744 3958 sui
770 3885 1010 3986 sevdediderat
1031 3885 1107 3982 regi
1124 3883 1250 3957 Siciliae
1272 3883 1452 3974 Renato’,

437 4098 468 4154 1.
480 4099 593 4156 Jeanno
609 4107 639 4155 et
650 4095 826 4176 Marguerite
836 4095 873 4155 do
888 4093 970 4169 Foix,
986 4091 1109 4154 marites
1122 4092 1203 4154 l’une
1215 4113 1255 4154 au
1265 4105 1360 4153 comte
1372 4092 1454 4151 d’Ar·

396 4203 538 4333 mffi
553 4188 696 4332 epetttt,
712 4186 816 4248 l’autee
831 4204 869 4246 au
881 4185 938 4246 duc
951 4183 988 4246 de
1000 4189 1191 4265 Bretagneen
1205 4186 1295 4244 atra.

460 4317 466 4332 .
548 4285 559 4334 t
607 4280 635 4333 Τ.
