3384 5184
343 512 401 568 tto
616 512 873 570 fflsrotutttutt
892 510 1072 570 LUDOVICI
1090 511 1134 569 XI

340 657 479 737 tronus,
499 668 561 718 seu
578 646 754 744 imperitia
768 669 833 716 seu
847 643 980 717 malitia
995 658 1111 736 certa,
1128 668 1208 718 eam
1223 643 1406 744 perditum

341 762 385 833 iri
398 761 506 834 vellet
521 778 556 835 et
574 764 611 835 iu
626 762 749 860 Scyllae
765 776 827 834 aut
842 760 1043 858 Charybdis
1059 763 1248 860 voragines
1264 761 1409 836 demer-

341 897 437 972 gere,
462 901 508 949 an
524 878 590 976 ipsi
606 878 678 949 lroc
693 879 768 975 pati
782 892 819 948 et
836 876 988 950 tolerare
1005 875 1197 968 deberent3
1212 877 1269 950 vel
1286 878 1407 976 potius

341 1005 536 1088 patronum
553 1018 616 1065 seu
635 992 845 1085 dominum,
870 1017 916 1064 ne
938 992 976 1063 id
991 991 1141 1082 iaceret,
1164 992 1349 1066 adhortari
1371 1005 1407 1066 et

340 1131 590 1198 commouere,
614 1121 738 1204 atque,
756 1107 818 1180 ubi
835 1109 873 1179 in
890 1121 1026 1180 tantam
1048 1109 1231 1180 vesaniam
1250 1123 1406 1182 vertere·

342 1236 400 1294 tur
422 1237 484 1312 ut,
511 1226 637 1322 spretis
666 1222 976 1296 exhortationibus
1003 1223 1406 1298 et‘commonitionibus

341 1337 571 1432 salutaribus,
591 1339 713 1412 navim
733 1338 968 1412 nihilominus
989 1340 1027 1410 in
1049 1340 1284 1437 precipitium
1300 1361 1405 1436 agere

340 1453 464 1542 vellet,
484 1479 579 1527 anne
595 1453 663 1525 sibi
686 1454 731 1528 de
749 1453 844 1526 facto
865 1452 1033 1526 reluctari
1051 1468 1088 1526 et
1105 1454 1277 1527 obsistere
1294 1453 1405 1530 debe·

340 1583 433 1641 rent.
453 1575 533 1642 Non
549 1569 764 1642 arbitramur
787 1595 850 1642 eos
863 1574 913 1642 ita
925 1569 1103 1661 insanire,
1124 1585 1185 1660 ut,
1206 1595 1273 1668 pro
1292 1570 1405 1646 salute

341 1703 413 1762 tam
443 1693 544 1765 navis
573 1716 683 1790 quam
711 1717 839 1765 eorum
870 1693 933 1789 qui
970 1692 1007 1764 in
1042 1717 1086 1764 ea
1110 1694 1402 1784 continerentur,

286 1883 288 1890 ,
340 1806 540 1880 abnuerent
553 1810 590 1881 id
601 1810 695 1882 licite
710 1824 745 1882 ct
760 1808 1022 1881 rationabiliter
1033 1807 1111 1883 fieri
1121 1833 1241 1908 posse,
1256 1824 1292 1882 et
1304 1808 1403 1909 [iam]

339 1947 463 1996 servos
479 1949 542 1996 seu
561 1922 773 1996 vernaculos
791 1925 957 2023 patroni,
982 1922 1040 1997 vel
1062 1939 1190 1997 nautas
1215 1927 1405 1999 conducti·

340 2039 426 2128 tios,
445 2039 481 2108 in
499 2039 607 2110 tantis
621 2038 788 2138 periculis
803 2039 1031 2133 constitutos,
1050 2039 1242 2112 dominum
1258 2066 1364 2116 suum
1383 2065 1405 2114 a

250 2139 251 2142 ¹
338 2152 440 2226 clavo
464 2152 641 2252 depellere
664 2169 700 2226 et
723 2154 896 2249 regimine
911 2177 1102 2247 amovere;
1128 2154 1191 2228 sed
1215 2157 1346 2249 etiam,
1373 2157 1405 2230 si

339 2270 440 2342 aliter
454 2270 541 2342 salvi
554 2271 708 2343 evadere
725 2295 801 2343 non
821 2286 989 2370 possent,
1017 2271 1158 2346 domini
1177 2274 1405 2348 contumacia

339 2403 375 2458 et
388 2389 581 2485 pertinacia
599 2388 770 2480 faciente,
794 2413 862 2487 pro
882 2390 1071 2461 communi
1088 2389 1328 2489 plurimorum
1345 2413 1404 2462 sa·

338 2503 431 2608 lule,
451 2505 585 2578 vincire
608 2520 643 2578 et
659 2504 895 2604 compedibus
909 2507 1172 2602 constringere,
1194 2505 1251 2578 vel
1267 2508 1405 2604 majore

338 2621 446 2696 etiam
460 2621 645 2694 severitate
660 2645 841 2695 coercere.

386 2738 497 2832 lgitur
513 2739 543 2810 si
559 2737 631 2810 hoc
649 2739 763 2828 servi,
788 2739 818 2810 si
842 2737 1021 2835 mancipia
1044 2739 1101 2810 vel
1128 2737 1339 2812 mercenarii
1365 2738 1403 2812 in

338 2851 529 2927 dominum
546 2877 664 2942 suum,
684 2867 835 2951 cogente
851 2855 1074 2947 necessitate,
1084 2867 1238 2952 possunt
1249 2853 1405 2952 legitime

337 2963 455 3068 agere,
474 2995 539 3045 cur
556 2996 631 3043 non
650 2985 834 3070 poterunt,
854 2955 931 3041 non
954 2972 1048 3042 servi
1065 2995 1183 3070 neque
1201 2971 1401 3070 mancipia,

337 3085 401 3158 sed
419 3087 636 3186 amplissima
657 3084 853 3157 liberorum
878 3085 1099 3183 populorum
1122 3084 1318 3160 multitudo
1339 3087 1404 3160 uni

338 3205 472 3300 regenti
484 3201 724 3294 subditorum,
741 3201 802 3273 ubi
815 3215 1006 3290 rectorem,
1021 3201 1120 3275 velut
1129 3201 1402 3301 quodammodo

338 3321 593 3410 insanientem,
612 3342 739 3391 omnes
756 3318 898 3390 notorie
919 3333 956 3391 et
971 3319 1259 3392 manifestissime
1279 3317 1404 3391 vident

337 3460 413 3508 non
432 3436 587 3532 legitime
598 3436 789 3534 imperare,
809 3458 928 3531 neque
943 3434 1095 3507 consilio
1107 3435 1290 3508 bonorum
1306 3436 1402 3506 viro·

337 3576 418 3625 rum
437 3567 544 3649 atque
566 3551 781 3650 sapientium
802 3549 983 3624 moderari
999 3565 1035 3624 et
1051 3551 1243 3650 disponere
1259 3575 1404 3650 rempu-

337 3669 487 3762 blicam,
511 3666 575 3740 sed
596 3683 724 3741 cuncta
745 3681 883 3742 vastare
906 3681 942 3740 et
964 3667 1139 3768 perdere;
1168 3669 1264 3741 cives
1289 3667 1403 3768 patri-

338 3785 468 3858 moniis
484 3783 653 3877 ethonis,
672 3809 739 3884 pro
755 3784 831 3856 sola
846 3782 1045 3877 voluntate,
1063 3785 1140 3858 sine
1150 3785 1230 3882 jure
1245 3785 1400 3880 ordinis,

336 3902 513 4002 spoliare,
541 3900 679 3972 exsules
700 3898 795 3972 bene
821 3899 867 3972 de
892 3899 1077 3998 republica
1102 3903 1249 3980 meritos
1274 3925 1399 3998 agere;

335 4017 537 4092 libertatem
564 4016 730 4093 Ecclesiae
757 4030 793 4089 et
817 4015 1136 4094 ecclesiasticarum
1164 4041 1402 4116 personarum

336 4137 446 4210 decus
455 4151 562 4235 atque
572 4135 753 4207 honorem
764 4132 911 4224 tollere;
928 4136 1052 4208 omnia
1062 4133 1185 4208 divina
1197 4150 1232 4208 et
1241 4135 1400 4210 humana
1485 4219 1488 4229 ,

331 4253 415 4352 jura
426 4269 659 4328 contemnere
671 4267 707 4326 et
717 4248 964 4341 coulimdere;
980 4277 1048 4352 pro
1061 4251 1164 4328 libito
1176 4253 1215 4326 in
1232 4251 1402 4328 omnibus

334 4455 343 4488 l
