3322 5172
368 611 425 664 lli
638 607 892 664 HISTORIARUM
912 606 1087 664 LUDOVICI
1109 607 1152 662 XI

367 743 428 839 qui
444 738 513 811 illic
530 753 647 828 erant,
669 763 752 810 cnm
772 737 843 811 hoc
860 737 960 836 quod
982 753 1146 814 strenuos
1165 751 1200 807 et
1221 735 1327 808 fortes
1344 751 1424 808 'sese

366 857 601 949 exhibebant,
623 856 729 928 etiam
749 854 901 927 multum
918 853 1040 926 fideles
1057 851 1207 923 domino
1230 876 1296 923 suo
1316 853 1424 924 exsti-

364 988 497 1046 terunt.
514 979 604 1044 Nam
618 972 714 1064 licet,
730 972 781 1052 uti
795 970 889 1045 sama
900 969 1091 1060 ferebatur,
1110 966 1185 1038 dux
1197 967 1422 1062 Burgundio-

365 1114 453 1160 num
479 1115 571 1186 saepe
601 1087 793 1186 pertentari
825 1086 963 1157 fecisset
994 1099 1171 1181 quatenus
1201 1081 1422 1155 deditionem

365 1203 489 1302 oppidi
502 1204 569 1274 sibi
585 1202 698 1272 lacere
711 1200 855 1293 vellent,
876 1215 910 1272 et
924 1225 1022 1271 nunc
1039 1223 1229 1271 munerum
1246 1197 1422 1297 pollicita-

364 1319 520 1391 tionibus
535 1318 678 1409 illicere,
696 1341 792 1388 nnnc
807 1317 913 1387 nimis
928 1316 1104 1387 deterrere
1120 1314 1241 1386 fuisset
1255 1330 1419 1406 conatus,

363 1448 565 1508 constantes
589 1447 711 1504 tamen
725 1448 770 1504 et
796 1432 937 1504 immoti
960 1443 1101 1530 semper
1123 1431 1160 1502 in
1185 1429 1256 1502 fide
1281 1429 1423 1503 domini

362 1553 416 1622 sui
432 1553 679 1648 perstiterunt,
701 1550 802 1648 quasi
820 1563 956 1621 certum
974 1562 1009 1619 et
1024 1545 1266 1619 indubitatum
1283 1545 1421 1618 haben·

364 1679 428 1758 tes,
442 1667 650 1765 priusquam
660 1665 706 1738 ad
719 1679 912 1736 extremam
921 1663 1174 1735 alimentorum
1184 1661 1422 1734 desectionem

362 1781 637 1874 adducerentur,
659 1809 695 1854 se
713 1807 900 1854 succursus
915 1797 1022 1878 atque
1038 1779 1282 1851 subventionis
1298 1779 1422 1852 solatia

362 1926 380 1972 a
397 1901 546 1974 domino
564 1926 629 1973 suo
643 1900 847 1993 liabituros3
868 1900 929 1997 qni
944 1899 993 1970 ita
1009 1923 1046 1969 se
1060 1897 1251 1988 facturum,
1267 1921 1336 1969 nec
1353 1895 1420 1996 pro

361 2016 617 2116 cujuscumque
628 2019 777 2117 periculi
793 2017 1078 2090 consideratione
1088 2016 1419 2114 praetermissurum,

362 2156 493 2228 magno
510 2134 646 2206 eisdem
661 2134 872 2231 promiserat
888 2147 1124 2206 sacramento.
1143 2133 1188 2202 Se
1201 2132 1320 2228 itaque
1334 2147 1422 2204 stre·

360 2272 431 2318 nne
451 2272 494 2318 ac
516 2249 662 2320 viriliter
682 2248 929 2340 defendentes,
950 2247 1083 2346 praefati
1105 2247 1244 2319 domini
1261 2247 1315 2318 sui
1333 2273 1422 2346 pro-

361 2363 588 2434 missionibus
600 2365 759 2449 animati‚
774 2363 972 2436 obsidionis
987 2363 1153 2436 duritiem
1166 2377 1272 2460 atque
1285 2363 1422 2436 incom-

360 2476 470 2566 moda
487 2479 623 2551 sortiter
640 2495 675 2552 et
693 2479 941 2576 longanimiter
960 2477 1173 2550 tolerabant.

409 2598 542 2666 Verum
556 2595 620 2665 etsi
633 2594 722 2666 dura
735 2610 841 2691 atque
854 2619 977 2693 aspera
989 2594 1254 2692 quamplurima
1266 2595 1422 2693 perferre

355 2735 421 2784 eos
438 2724 632 2808 oporteret,
648 2712 696 2782 ita
713 2711 900 2783 obsidione
917 2726 952 2782 et
970 2711 1092 2782 castris
1107 2710 1298 2782 hostilibus
1313 2712 1422 2784 valla-

360 2843 434 2920 tos,
454 2852 528 2900 non
546 2829 687 2900 minora
707 2843 825 2906 tamen
847 2853 915 2900 nec
936 2829 1055 2898 minus
1076 2851 1201 2925 aspera
1223 2828 1332 2900 etiam
1353 2831 1418 2928 ipsi

359 2943 562 3016 obsessores
583 2945 720 3045 perpeti
744 2945 983 3018 necessarium
1003 2942 1198 3015 habebant.
1223 2944 1301 3016 Fuit
1322 2945 1420 3016 enim

358 3073 456 3151 tunc,
472 3085 576 3159 supra
590 3062 747 3152 solitum,
764 3062 893 3157 algoris
909 3059 1165 3131 intensissimus
1183 3059 1296 3155 rigor,
1311 3084 1419 3156 quem

359 3191 444 3249 tnnc
459 3179 575 3274 longis
591 3177 752 3250 hibernis
770 3177 935 3250 noctibus
952 3177 1095 3249 subdio
1117 3176 1322 3248 obsessores
1339 3201 1416 3248 ma-

353 3294 433 3389 jore
445 3310 597 3394 exparte
609 3295 764 3394 perferre
777 3291 959 3364 habebant
974 3321 982 3362 ε
1000 3292 1126 3391 procul
1143 3292 1269 3386 dubin,
1286 3317 1417 3390 magno

284 3445 288 3454 ·
356 3409 518 3506 ipsorum
530 3411 748 3498 discrimine,
766 3433 849 3506 nam
865 3434 907 3480 ex
920 3410 970 3481 eis
982 3408 1101 3509 plures
1114 3425 1188 3481 tam
1200 3410 1418 3483 immanibus

356 3523 552 3619 rigentibus
575 3525 754 3622 algoribus
778 3523 979 3624 absumpti,
1002 3527 1122 3623 plures
1146 3527 1263 3598 varios
1290 3526 1417 3600 exinde

356 3642 607 3714 contrahentes
623 3641 789 3732 morbos,
808 3641 984 3714 dinturnis
1001 3642 1135 3714 detenti
1152 3642 1249 3714 fuere
1265 3641 1417 3742 languo-

355 3758 467 3851 ribus,
484 3759 673 3858 praesertim
689 3760 783 3830 cirea
796 3758 912 3850 tibias,
932 3757 1021 3828 talos
1036 3773 1142 3853 atque
1158 3757 1295 3856 pedum
1312 3761 1416 3831 vesti·

354 3877 426 3973 gia,
449 3900 538 3974 quos
556 3889 732 3948 tumentes
749 3874 804 3949 vel
820 3888 1025 3947 contractos
1043 3899 1125 3946 curn
1143 3877 1279 3970 magnis
1298 3878 1417 3950 trahe·

354 3991 442 4065 bant
462 3991 660 4064 doloribus.
688 3991 886 4064 Accedebat
908 4005 943 4060 et
963 3988 1048 4060 huic
1072 3988 1170 4062 aliud
1196 4016 1271 4062 non
1295 3993 1416 4064 minus

354 4111 497 4204 difficile
516 4111 562 4182 ad
580 4109 817 4183 tolerandum.
839 4113 929 4180 Nam
957 4108 993 4178 in
1020 4109 1142 4179 castris
1159 4108 1227 4180 illis
1246 4133 1338 4208 saepe
1358 4111 1414 4182 vel

354 4251 499 4299 annona
510 4226 708 4313 deficiebat,
725 4224 781 4297 vel
798 4240 872 4297 tam
887 4248 971 4296 caro
989 4249 1067 4296 eam
1085 4249 1295 4323 comparare
1309 4250 1414 4322 opor·

355 4341 468 4429 tabat,
498 4358 536 4413 ut
562 4342 715 4414 militum
738 4339 912 4439 stipendia
938 4339 996 4410 vix
1024 4339 1069 4411 ad
1094 4339 1283 4411 dimidium
1308 4340 1414 4437 pretii
