3402 5186
397 553 435 610 tta
667 549 923 640 fflsTonttattM
943 550 1119 608 Lttnovtct
1138 551 1182 607 XI

398 681 571 782 oppidum
598 679 766 754 Picardiae
796 707 833 753 se
860 681 1049 753 conferret.
1080 678 1189 768 Quod
1219 679 1301 752 licet
1336 680 1448 754 lactu-

398 823 477 871 rum
494 824 532 870 se
549 798 679 896 pluries
696 798 961 897 respondisset¹,
979 813 1014 869 et
1028 797 1074 869 ad
1090 796 1178 868 fines
1193 797 1272 868 illos
1285 821 1345 868 rex
1362 797 1447 868 bina

396 913 473 984 vice
499 913 534 982 in
562 911 758 983 Picardiam
781 911 961 1010 profectus
981 925 1089 998 esset,
1117 911 1222 980 variis
1241 925 1362 982 tamen
1387 912 1449 982 de·

395 1043 513 1100 tentus
532 1029 797 1127 impedimentis
814 1026 851 1099 id
872 1029 1017 1099 minime
1036 1043 1122 1100 tunc
1139 1027 1272 1118 eliecit,
1303 1028 1364 1100 sed
1388 1053 1447 1100 ex·

395 1143 609 1229 cusationes,
624 1157 809 1240 quastunc
823 1142 954 1214 habere
971 1156 1122 1239 poterat,
1138 1143 1212 1239 regi
1225 1144 1448 1215 innotescere

277 1301 282 1310 ·
395 1259 489 1332 lecit.

446 1375 528 1470 Ejus
547 1387 664 1446 tamen
684 1372 804 1445 medio
822 1387 929 1468 atque
946 1373 1164 1460 interventu,
1187 1371 1271 1444 bina
1287 1375 1365 1446 vice
1387 1399 1447 1446 rex

353 1575 359 1590 ι
396 1493 612 1560 Francorum
637 1514 718 1560 cum
744 1486 910 1560 Edoardn
937 1512 1040 1584 rege,
1071 1512 1134 1586 spe
1158 1486 1388 1559 conciliandae
1413 1504 1448 1559 et

395 1579 577 1675 firmandae
593 1603 709 1702 pacis,
737 1617 875 1698 treugas
891 1602 970 1672 iniit
986 1616 1092 1698 atque
1109 1601 1189 1673 iecit
1210 1628 1217 1671 :
1237 1602 1368 1700 primas
1384 1627 1446 1674 an-

394 1718 512 1811 nales,
537 1718 711 1790 secundas
732 1717 778 1789 ad
797 1717 920 1814 viginti
944 1717 1036 1788 duos
1059 1719 1229 1788 menses¹.
1255 1721 1343 1804 Quae
1364 1743 1447 1816 pro·

394 1834 488 1905 secto
515 1834 620 1906 etiam
648 1833 793 1904 exitium
820 1831 928 1902 totale
955 1831 1175 1904 consobrino
1200 1857 1266 1904 sun
1292 1833 1446 1904 Henrico

395 1951 538 2046 suisque
578 1949 738 2020 maximae
774 1947 981 2019 calamitatis
1018 1972 1160 2020 causam
1197 1950 1443 2046 praestiternnt.

393 2067 546 2136 Securus
562 2065 658 2135 enim
675 2077 759 2135 tunc
775 2063 821 2135 de
837 2064 979 2134 Francis
999 2063 1204 2156 Edoardus,
1223 2090 1345 2136 versus
1360 2068 1447 2136 Sco·

395 2181 480 2250 tiam
507 2194 542 2250 et
570 2179 615 2251 ad
644 2179 742 2274 regni
770 2176 899 2275 tngtiae
921 2177 1028 2272 fines,
1059 2180 1094 2250 in
1124 2178 1254 2277 quibus
1281 2181 1448 2252 nonnulli

394 2319 559 2393 proceres
579 2320 620 2367 ac
639 2295 777 2367 nobiles
797 2297 914 2392 regni,
932 2297 994 2393 qui
1016 2295 1166 2369 fideliter
1189 2313 1223 2368 et
1243 2313 1449 2371 constanter

394 2411 569 2496 Henrico,
603 2410 675 2507 regi
707 2434 792 2499 suo,
830 2411 1070 2498 adhaeserant,
1106 2411 1299 2484 nonnulla³
1328 2413 1448 2485 adhuc

394 2525 526 2624 oppida
553 2541 587 2597 et
615 2525 754 2598 castella
779 2526 978 2618 tenebant,
1016 2528 1281 2626 expeditionem
1306 2529 1445 2601 direxit.

393 2640 554 2713 Obsessis
576 2657 694 2714 autem
716 2643 900 2714 nonnullis
923 2645 1067 2735 castris,
1095 2669 1173 2739 quae
1193 2668 1214 2715 a
1237 2645 1310 2715 suis
1331 2643 1447 2716 adhuc

392 2755 556 2830 hostibus
571 2757 798 2847 tenebantur,
820 2759 966 2831 eosdem
985 2758 1030 2831 ad
1046 2758 1290 2833 dimicandum
1309 2762 1443 2859 coegit3

394 2870 430 2940 in
446 2896 520 2968 quo
531 2873 724 2943 certamine
736 2877 853 2942 omnis
866 2897 966 2971 paene
982 2874 1163 2967 nobilitas,
1180 2877 1323 2948 Henrici
1332 2890 1448 2974 partes

394 3000 530 3078 secuta,
558 2985 741 3057 infeliciter
764 2985 931 3058 occubuit
941 2990 963 3056 ⁴.
987 2993 1028 3058 tt
1051 2991 1099 3062 ita
1123 3006 1255 3088 treugae
1275 3017 1363 3089 quas
1382 2993 1446 3064 ha-

392 3099 500 3174 bebat
524 3100 711 3173 Edoardus
737 3126 820 3172 cum
837 3107 1055 3177 Francorum
1084 3131 1185 3204 rege,
1210 3108 1277 3179 sibi
1302 3110 1447 3212 quidem

393 3215 530 3304 faustae,
551 3215 769 3286 Henricianis
786 3241 871 3288 vero
893 3218 987 3290 exitii
1009 3233 1116 3317 atque
1137 3224 1334 3296 exterminii
1362 3248 1448 3295 cau-

393 3353 470 3400 sam
483 3330 739 3429 praestiterunt,
765 3331 815 3401 sic
830 3334 1125 3428 perLudovicum
1139 3337 1262 3435 adjuto
1278 3340 1446 3429 Henrico,

394 3445 612 3518 consobrino
637 3470 723 3540 sno,
749 3448 807 3519 cui
832 3448 939 3547 paulo
956 3466 1038 3524 ante
1055 3467 1153 3527 tanta
1170 3480 1208 3528 se
1220 3456 1348 3529 auxilia
1364 3482 1448 3555 prae·

347 3670 354 3683 ·
397 3655 402 3662 '
437 3657 465 3711 1.
488 3658 645 3731 decepisset
657 3656 728 3716 dans
742 3656 769 3716 le
785 3677 839 3716 ms.

435 3746 465 3804 2.
489 3749 528 3803 La
547 3748 688 3824 premiere
707 3750 803 3818 trove,
823 3748 942 3808 conclue
962 3752 978 3807 a
996 3751 1086 3828 partit·
1103 3751 1142 3812 du
1161 3757 1199 3814 to
1220 3753 1336 3814 octobre
1355 3759 1447 3828 1463,

394 3853 471 3912 pour
480 3833 709 3914 durerjusqu'au
721 3841 760 3894 1⁸¹
769 3837 885 3897 octobre
895 3841 983 3914 1464,
994 3859 1031 3899 ne
1042 3844 1207 3920 concernait
1218 3864 1274 3923 que
1287 3844 1328 3904 les
1335 3864 1451 3925 aggres·

395 3923 472 3982 sions
488 3944 540 4003 par
556 3937 646 3996 terre;
665 3924 721 3984 elle
733 3926 775 3983 fut
789 3927 942 3987 etcaduca
959 3927 986 3987 la
1001 3949 1062 3987 mer
1077 3929 1178 4010 depuis
1194 3934 1220 3991 le
1234 3936 1273 3992 20
1289 3935 1345 3993 mai
1360 3937 1447 3992 1464.

395 4015 514 4091 Rymer,
526 4017 658 4090 Foedera,
673 4027 742 4084 etc,
758 4026 778 4074 t.
794 4019 849 4090 XI,
864 4037 894 4095 p.
912 4021 986 4089 508,
1001 4030 1030 4076 et
1045 4021 1165 4098 Lenglet
1178 4022 1353 4100 Dusresnoy,
1367 4025 1451 4082 Com·

395 4109 494 4176 mines,
511 4116 531 4163 t.
547 4107 591 4179 ll,
609 4125 637 4184 p.
654 4107 723 4163 414.

399 4187 405 4208 ’
436 4195 464 4250 6.
487 4197 685 4272 Nonnullaque
698 4193 768 4251 dans
781 4192 808 4253 le
822 4213 875 4253 ms.

437 4287 466 4344 4.
489 4284 769 4366 ΑΗεάςΙογ-Μοον,
785 4288 824 4344 att
838 4286 910 4346 avril
926 4291 1015 4350 1464.
