3282 5168
587 573 897 645 nernournrns.
1215 573 1270 628 aar

214 705 349 795 fuisset,
369 697 473 802 eique
499 717 672 776 assertum
688 703 764 800 jam
780 703 915 796 navim,
937 705 973 774 in
990 727 1063 802 qua
1077 701 1274 776 vehebatur

127 816 132 828 ’
214 823 424 919 imperator,
449 843 525 891 esse
548 833 630 893 ante
657 818 911 891 monasterium
942 822 1054 890 Beatae
1083 820 1200 892 Mariae
1227 820 1274 894 ad

213 939 396 1034 Martyres,
416 938 511 1008 misit
525 960 610 1007 cum
626 936 848 1008 festinatione
865 934 910 1007 de
928 935 1012 1024 suis,
1027 936 1088 1033 qui
1102 937 1273 1032 poscituri

213 1052 508 1127 essenteumdem
523 1053 789 1150 imperatorem,
803 1066 842 1124 ut
857 1053 914 1124 vel
924 1052 1034 1123 breve
1048 1052 1271 1151 colloquium

213 1194 297 1242 cum
314 1194 359 1241 eo
385 1169 457 1242 dux
479 1170 555 1269 ipse
571 1169 704 1241 habere
722 1182 854 1267 posset,
880 1183 987 1267 atque
1010 1183 1051 1242 ut
1075 1169 1122 1241 ad
1138 1169 1272 1242 brevis·

213 1287 340 1359 simam
362 1287 532 1384 temporis
556 1284 733 1357 morulam
763 1309 923 1380 gressum
949 1285 1070 1358 sistere
1092 1285 1200 1383 hujus
1220 1287 1273 1358 rei

213 1403 325 1500 gratia
358 1401 491 1496 vellet;
535 1401 599 1474 sed
633 1401 819 1500 postulatis
852 1401 1087 1474 annuendum
1124 1403 1273 1476 minime

213 1517 326 1609 duxit,
342 1541 559 1616 cursumque
573 1532 732 1617 coeptum
748 1501 979 1590 continuavit.
1001 1522 1043 1590 Et
1058 1520 1120 1611 ita,
1140 1520 1272 1593 inlecto

212 1634 311 1732 quod
334 1633 412 1706 fieri
433 1634 548 1708 luerat
573 1635 750 1709 acunctis
769 1634 1000 1728 aestimatum,
1023 1637 1068 1707 eo
1087 1635 1199 1708 modo
1223 1635 1269 1708 ab

212 1753 364 1824 invicem
383 1752 475 1825 male
492 1767 587 1827 sarto
602 1753 735 1826 loedere
750 1753 1001 1825 discesserunt.

580 2124 836 2194 CAPITULUM
860 2126 904 2192 X.

210 2354 355 2425 Quomodo
364 2369 424 2429 post
434 2355 499 2422 hoc,
512 2353 567 2408 dux
578 2353 737 2426 Burgundiae
748 2354 862 2409 visitavit
873 2354 1028 2408 comitatum
1043 2371 1121 2407 suum
1134 2353 1272 2406 Ferreten-

245 2457 315 2507 oem;
328 2451 354 2492 et
368 2436 401 2492 de
419 2435 524 2492 accessu
536 2437 729 2508 archiepiscopi
743 2435 908 2490 coloniensis
926 2434 961 2489 ad
979 2452 1041 2488 eum
1055 2434 1083 2486 in
1099 2429 1268 2515 Burgundio,

245 2533 323 2590 atque
334 2519 477 2573 rebellione
488 2515 553 2571 dieti
562 2517 702 2571 comitatui
713 2529 806 2570 contra
815 2535 877 2569 eum
887 2517 908 2572 ¹.

258 2731 494 2826 Postmodum
520 2755 629 2822 veru,
664 2756 747 2803 cnm
773 2731 848 2831 ipse
873 2727 945 2801 dux
971 2717 1268 2826 Burgundionum

207 2863 340 2923 terram
359 2875 459 2922 suam
476 2847 839 2944 Luxemburgensem,
863 2845 1035 2920 valefacto
1061 2844 1267 2916 Treverensi

209 2966 312 3058 urbi,
341 2967 537 3066 repetiisset
548 2971 561 3055 ‚‘
593 2965 741 3063 cupiens
764 2964 916 3035 invisere
936 2987 1041 3034 sunm
1058 2961 1266 3033 comitatum

207 3085 450 3164 Ferretensem
462 3137 472 3172 ,
515 3107 623 3181 quem
647 3080 770 3180 paucis
806 3095 890 3154 ante
923 3067 1025 3153 annis
1051 3077 1097 3152 ab
1121 3075 1269 3150 Austriae
1345 3097 1366 3110 ¹·

206 3199 299 3274 duce
324 3199 551 3296 sigismundo
568 3212 835 3298 comparaverat
845 3201 867 3288 ²,
894 3195 940 3269 ad
967 3221 1047 3269 eam
1072 3209 1202 3267 terram
1218 3192 1270 3263 vi-

207 3315 355 3388 sendam
374 3331 427 3388 est
445 3339 508 3414 per
523 3315 789 3412 Lotharingiam
811 3310 1005 3413 proiectus.
1025 3317 1064 3384 ln
1086 3335 1157 3408 qua
1173 3322 1269 3380 terra

207 3433 358 3528 (scilicet
379 3434 570 3504 comitatus
596 3431 828 3528 Ferretensis)
844 3456 942 3518 cum,
964 3423 1147 3502 nonnullis
1161 3427 1267 3525 oppi-

206 3547 300 3623 dulis
316 3549 535 3649 perlustratis
551 3574 634 3621 cum
651 3546 770 3646 aliqua
785 3561 885 3644 parte
901 3571 1046 3619 suarum
1064 3544 1264 3644 copiarum,

206 3666 350 3738 modico
367 3665 451 3737 satis
474 3678 637 3763 tempore
662 3663 781 3736 suisset
794 3663 1014 3756 remoratus,
1034 3663 1159 3735 relicto
1175 3657 1265 3733 inibi

205 3779 252 3853 ad
267 3779 428 3881 ejusdem
451 3795 552 3852 terrae
571 3778 915 3852 administrationem
936 3793 971 3850 et
994 3780 1154 3876 regimen
1175 3803 1267 3877 quo·

204 3895 289 3969 dam
299 3897 410 3970 milite
419 3897 599 3996 indigena,
613 3909 855 3994 cognomento
866 3893 1127 3990 Hachenbaclz',
1138 3894 1267 3972 exinde

242 4145 274 4201 l.
294 4137 430 4219 Chapitre
443 4138 542 4220 public
555 4139 626 4200 dans
640 4139 847 4216 l’Amplissr'ma
860 4143 997 4212 collectio,
1011 4151 1032 4204 t,
1052 4143 1102 4213 IV,
1119 4138 1175 4201 col.
1193 4143 1262 4199 tto.

242 4231 271 4288 2.
295 4233 342 4288 Au
355 4241 602 4290 commencemeut
617 4229 653 4290 de
667 4229 780 4290 l’annde
795 4232 884 4291 ttta.

244 4321 271 4379 3.
297 4319 394 4380 Pione
408 4319 444 4379 de
458 4319 645 4400 Hagenbach‚
661 4321 867 4400 gentilhomme
878 4318 916 4378 de
929 4319 1078 4397 Sundgau.
