3402 5186
669 477 778 547 arsen
798 486 947 549 marus.
1000 488 1036 500 ··
1321 480 1336 550 a·

278 637 422 722 sumpto
438 621 612 722 prandio,
631 624 748 695 statim
765 635 869 696 exuta
884 623 1029 722 lugubri»
1041 641 1156 716 veste,
1183 627 1338 726 subque
1391 673 1395 682 ·

277 739 437 838 prolecto
470 739 623 812 alienam
656 753 809 837 gesserat
842 764 1058 838 personam,
1091 739 1338 815 brevissimam

278 881 390 952 usque
414 856 459 928 ad
479 872 577 930 nates
595 857 679 929 albo
703 857 891 956 rubeoque
912 858 1115 958 bipartitam
1133 859 1336 949 coloribus,
1398 867 1400 872 ’

206 1033 212 1039 .
277 972 460 1070 propriam
475 973 707 1044 nunciantem
726 997 936 1072 personam,
954 994 1155 1064 assumens,
1169 991 1339 1049 renatum

278 1087 430 1186 perrexit
452 1087 564 1186 u'sq‘ue
591 1089 636 1160 ad
662 1111 779 1161 seram
805 1096 966 1179 noct'em,
986 1092 1102 1190 capite
1124 1093 1221 1192 pileo
1243 1093 1340 1165 simi-

276 1203 375 1277 libus
405 1207 538 1306 partito
577 1206 761 1280 coloribus
794 1209 966 1298 amictus,
1004 1209 1168 1282 satellites
1201 1207 1339 1281 habens

275 1345 402 1393 omnes
438 1321 684 1394 consimilibus
724 1337 872 1408 ornatos
907 1322 1125 1397 indumentis
1158 1349 1166 1394 t
1206 1324 1338 1422 quibus

275 1438 381 1508 etiam
402 1451 436 1507 et
458 1436 612 1536 phalerae
630 1451 664 1509 et
682 1436 847 1509 subsellia
864 1461 1040 1535 equorum
1057 1438 1201 1537 paribus
1225 1461 1337 1512 orna·

276 1552 403 1623 mentis
421 1550 699 1651 respondebant.

218 1745 221 1750 ,
322 1670 513 1764 Postquam
530 1691 617 1738 vero
639 1667 826 1767 proditum
844 1663 1034 1767 palamque
1057 1667 1189 1741 lactum
1206 1671 1339 1742 exstitit

273 1782 374 1880 quod
387 1807 463 1855 non
479 1783 585 1855 vellet
601 1796 663 1854 rex
679 1806 794 1855 novus
820 1807 942 1855 coram
966 1784 1095 1856 intueri
1116 1800 1178 1856 eos
1199 1785 1261 1881 qui
1287 1785 1336 1858 ob

272 1900 382 2000 patris
398 1899 533 1972 luctum
549 1901 651 1996 uigro
666 1901 779 1972 vestiti
795 1913 912 1972 essent
924 1897 986 1995 (ad
1001 1917 1083 1972 eum
1100 1902 1195 1972 euim
1212 1911 1336 1996 quam·

272 2016 390 2116 plures
408 2039 566 2112 eregno,
581 2015 864 2112 allectumillum
883 2015 1046 2112 quemad
1059 2016 1266 2090 defimctum
1278 2027 1337 2090 re-

271 2157 352 2231 gem
369 2132 571 2204 habuerant
592 2131 807 2224 indicantes,
832 2131 1073 2229 lugubresque
1096 2146 1211 2205 restes
1231 2133 1336 2207 defe-

170 2323 178 2342 ,
271 2262 407 2338 rentes,
427 2248 494 2320 sibi
518 2249 783 2344 occurrerant),
812 2260 887 2318 tum
915 2247 1105 2346 pulchrum
1126 2243 1247 2321 videre
1272 2249 1336 2320 luit

270 2363 369 2462 quod
387 2363 488 2438 multi
505 2364 636 2456 statim,
656 2364 800 2435 mutatis
812 2362 1044 2452 vestimentis,
1057 2360 1140 2433 albo
1149 2363 1333 2462 rubeoqu'e

272 2477 406 2573 partitis
426 2457 761 2564 seseornaveranl3
784 2489 826 2544 ut
844 2472 946 2543 tacite
963 2469 1010 2542 ab
1027 2471 1082 2542 bis
1099 2473 1162 2567 qui
1179 2474 1260 2545 talia
1278 2476 1332 2545 in·
1411 2511 1418 2523 ·

269 2592 447 2691 spicerent
460 2591 589 2664 merito
604 2588 675 2661 dici
691 2603 813 2689 posset
832 2615 840 2658 ε

363 2800 376 2826 α
395 2769 496 2834 Totus
512 2767 554 2834 ad
570 2765 753 2857 exemplum
768 2751 851 2857 regis
866 2764 1070 2854 componitur
1087 2761 1185 2830 orbis.
1208 2795 1220 2822 »

317 2958 397 3031 Non
414 2971 466 3028 est
480 2970 600 3027 autem
618 2953 718 3026 facile
734 2953 908 3030 estimare
924 2964 1078 3047 quantus
1096 2949 1143 3022 ad
1159 2975 1242 3024 eum
1258 2977 1331 3030 au-

268 3096 387 3146 merus
402 3084 634 3145 concurrerat
649 3069 694 3142 de
716 3067 885 3141 omnibus
902 3065 1094 3166 provinciis
1110 3063 1326 3160 Galliarum:

268 3190 326 3264 atii
352 3214 418 3291 pro
443 3186 589 3276 officiis,
608 3212 687 3284 quae
708 3183 775 3257 sub
802 3196 903 3283 patra
921 3195 1128 3271 tenuerant,
1148 3178 1331 3258 servandis

267 3324 374 3406 atque
406 3305 621 3394 retinendis3
658 3303 716 3376 alii
745 3325 830 3374 vero
858 3325 925 3400 pro
955 3300 1056 3372 novis
1085 3300 1328 3396 assequendis.

187 3513 189 3519 ¹
266 3431 376 3500 Tanta
405 3425 502 3498 enim
531 3407 678 3495 ambitio
708 3417 988 3492 obtinendorum
1018 3414 1220 3491 officiorum
1246 3441 1329 3517 pro·

267 3559 345 3643 pter
359 3541 560 3615 felicitatem
577 3536 824 3637 temporalem,
841 3557 926 3632 qua,
941 3532 1003 3631 qui
1015 3532 1082 3603 sub
1099 3546 1199 3631 patre
1214 3532 1331 3606 officia

267 3673 477 3751 tenuerant,
509 3657 612 3758 potiti
644 3653 958 3742 existimabantur,
995 3650 1134 3728 animos
1164 3651 1329 3724 omnium

261 3761 366 3876 'paene
383 3774 643 3874 regnicolarum
662 3769 868 3860 obsederat,
889 3782 928 3839 ut
942 3765 1102 3841 certatim
1120 3763 1165 3838 de
1183 3781 1260 3838 toto
1277 3791 1329 3838 re-

266 3918 359 3990 gno,
387 3919 454 3992 pro
479 3887 689 3988 hujusmodi
704 3887 837 3979 causis,
859 3884 1034 3958 maximus
1056 3883 1156 3958 fieret
1180 3883 1227 3956 ad
1243 3908 1325 3957 eum

266 4029 489 4100 concursus;
522 4006 681 4104 talesque
714 4004 822 4075 etiam
854 3997 972 4073 ollicia
1000 3997 1225 4095 ambiebant,
1254 4022 1327 4070 non

267 4126 378 4198 modo
391 4123 454 4222 qui
471 4121 557 4195 alias
573 4119 781 4218 hujusmodi
797 4116 1001 4190 bonoribus
1021 4142 1085 4189 seu
1102 4116 1331 4189 administra-

269 4241 428 4314 tionibus
446 4238 557 4312 suncti
577 4239 745 4325 luissent,
767 4235 829 4306 sed
854 4248 888 4306 et
909 4233 1139 4332 quamplures
1161 4233 1245 4330 qui,
1274 4232 1331 4304 vel
