<?xml version="1.0" encoding="UTF-8"?>
<!DOCTYPE html PUBLIC "-//W3C//DTD XHTML 1.0 Transitional//EN"
    "http://www.w3.org/TR/xhtml1/DTD/xhtml1-transitional.dtd">
<html xmlns="http://www.w3.org/1999/xhtml" xml:lang="en" lang="en">
 <head>
  <title>
</title>
<meta http-equiv="Content-Type" content="text/html;charset=utf-8" />
  <meta name='ocr-system' content='tesseract 3.04.00' />
  <meta name='ocr-capabilities' content='ocr_page ocr_carea ocr_par ocr_line ocrx_word'/>
</head>
<body>
  <div class='ocr_page' id='page_1' title='image "./histoiredesrgne02amelgoog_0191.png"; bbox 0 0 3402 5186; ppageno 0'>
   <div class='ocr_carea' id='block_1_1' title="bbox 369 455 1158 516">
    <p class='ocr_par' dir='ltr' id='par_1_1' title="bbox 369 455 1158 516">
     <span class='ocr_line' id='line_1_1' title="bbox 369 455 1158 516; baseline 0.004 -5"><span class='ocrx_word' id='word_1_1' title='bbox 369 456 407 512; x_wconf 83' lang='lat' dir='ltr'><strong>to</strong></span> <span class='ocrx_word' id='word_1_2' title='bbox 641 455 899 516; x_wconf 73' lang='lat' dir='ltr'><strong>mstomanuu</strong></span> <span class='ocrx_word' id='word_1_3' title='bbox 918 456 1096 516; x_wconf 79' lang='lat' dir='ltr'><strong>Lttnovlct</strong></span> <span class='ocrx_word' id='word_1_4' title='bbox 1115 455 1158 514; x_wconf 81' lang='lat' dir='ltr'><strong>xt</strong></span> 
     </span>
    </p>
   </div>
   <div class='ocr_carea' id='block_1_2' title="bbox 369 585 1440 1819">
    <p class='ocr_par' dir='ltr' id='par_1_2' title="bbox 369 585 1440 1819">
     <span class='ocr_line' id='line_1_2' title="bbox 369 585 1434 688; baseline 0.002 -28"><span class='ocrx_word' id='word_1_5' title='bbox 369 585 437 660; x_wconf 86' lang='lat' dir='ltr'>sibi</span> <span class='ocrx_word' id='word_1_6' title='bbox 454 610 665 677; x_wconf 89' lang='lat' dir='ltr'><strong>concessos,</strong></span> <span class='ocrx_word' id='word_1_7' title='bbox 685 587 866 660; x_wconf 82' lang='lat' dir='ltr'><strong>revocavit</strong></span> <span class='ocrx_word' id='word_1_8' title='bbox 875 640 885 677; x_wconf 92' lang='lat'><strong>,</strong></span> <span class='ocrx_word' id='word_1_9' title='bbox 904 586 1145 685; x_wconf 81' lang='lat' dir='ltr'><strong>daturumque</strong></span> <span class='ocrx_word' id='word_1_10' title='bbox 1160 611 1199 660; x_wconf 88' lang='lat' dir='ltr'><strong>se</strong></span> <span class='ocrx_word' id='word_1_11' title='bbox 1217 611 1366 688; x_wconf 85' lang='lat' dir='ltr'><strong>operam</strong></span> <span class='ocrx_word' id='word_1_12' title='bbox 1381 603 1434 662; x_wconf 90' lang='lat' dir='ltr'><strong>at-</strong></span> 
     </span>
     <span class='ocr_line' id='line_1_3' title="bbox 370 701 1436 800; baseline 0.002 -26"><span class='ocrx_word' id='word_1_13' title='bbox 370 726 442 800; x_wconf 88' lang='lat' dir='ltr'><strong>que</strong></span> <span class='ocrx_word' id='word_1_14' title='bbox 458 702 630 799; x_wconf 83' lang='lat' dir='ltr'><strong>juvamen</strong></span> <span class='ocrx_word' id='word_1_15' title='bbox 652 701 698 774; x_wconf 89' lang='lat' dir='ltr'><strong>ad</strong></span> <span class='ocrx_word' id='word_1_16' title='bbox 719 726 804 774; x_wconf 89' lang='lat' dir='ltr'><strong>eurn</strong></span> <span class='ocrx_word' id='word_1_17' title='bbox 824 703 980 774; x_wconf 89' lang='lat' dir='ltr'><strong>severius</strong></span> <span class='ocrx_word' id='word_1_18' title='bbox 1007 703 1250 776; x_wconf 90' lang='lat' dir='ltr'><strong>coercendum</strong></span> <span class='ocrx_word' id='word_1_19' title='bbox 1272 717 1308 776; x_wconf 89' lang='lat' dir='ltr'><strong>et</strong></span> <span class='ocrx_word' id='word_1_20' title='bbox 1329 704 1436 778; x_wconf 88' lang='lat' dir='ltr'><strong>casti-</strong></span> 
     </span>
     <span class='ocr_line' id='line_1_4' title="bbox 372 817 1432 918; baseline 0.002 -28"><span class='ocrx_word' id='word_1_21' title='bbox 372 817 531 916; x_wconf 90' lang='lat' dir='ltr'><strong>gandum</strong></span> <span class='ocrx_word' id='word_1_22' title='bbox 555 819 711 916; x_wconf 92' lang='lat' dir='ltr'><strong>genitori</strong></span> <span class='ocrx_word' id='word_1_23' title='bbox 732 843 799 891; x_wconf 93' lang='lat' dir='ltr'><strong>suo</strong></span> <span class='ocrx_word' id='word_1_24' title='bbox 825 818 974 910; x_wconf 83' lang='lat' dir='ltr'><strong>obtulit,</strong></span> <span class='ocrx_word' id='word_1_25' title='bbox 993 819 1023 890; x_wconf 90' lang='lat' dir='ltr'><strong>si</strong></span> <span class='ocrx_word' id='word_1_26' title='bbox 1040 819 1112 891; x_wconf 89' lang='lat' dir='ltr'><strong>boc</strong></span> <span class='ocrx_word' id='word_1_27' title='bbox 1129 817 1295 918; x_wconf 88' lang='lat' dir='ltr'><strong>exp&#39;etere</strong></span> <span class='ocrx_word' id='word_1_28' title='bbox 1314 821 1432 895; x_wconf 89' lang='lat' dir='ltr'><strong>vellet.</strong></span> 
     </span>
     <span class='ocr_line' id='line_1_5' title="bbox 372 931 1436 1034; baseline 0.003 -29"><span class='ocrx_word' id='word_1_29' title='bbox 372 932 444 1006; x_wconf 90' lang='lat' dir='ltr'><strong>Sed</strong></span> <span class='ocrx_word' id='word_1_30' title='bbox 467 935 548 1034; x_wconf 88' lang='lat' dir='ltr'><strong>pius</strong></span> <span class='ocrx_word' id='word_1_31' title='bbox 573 947 688 1033; x_wconf 89' lang='lat' dir='ltr'><strong>pater,</strong></span> <span class='ocrx_word' id='word_1_32' title='bbox 714 931 819 1006; x_wconf 85' lang='lat' dir='ltr'><strong>altius</strong></span> <span class='ocrx_word' id='word_1_33' title='bbox 843 947 964 1006; x_wconf 90' lang='lat' dir='ltr'><strong>mente</strong></span> <span class='ocrx_word' id='word_1_34' title='bbox 996 933 1228 1008; x_wconf 87' lang='lat' dir='ltr'>considerans</span> <span class='ocrx_word' id='word_1_35' title='bbox 1259 961 1436 1033; x_wconf 86' lang='lat' dir='ltr'><strong>quorsum</strong></span> 
     </span>
     <span class='ocr_line' id='line_1_6' title="bbox 371 1047 1437 1149; baseline 0.002 -26"><span class='ocrx_word' id='word_1_36' title='bbox 371 1050 448 1123; x_wconf 84' lang='lat' dir='ltr'><strong>baec</strong></span> <span class='ocrx_word' id='word_1_37' title='bbox 464 1049 704 1147; x_wconf 77' lang='lat' dir='ltr'><strong>castigationis</strong></span> <span class='ocrx_word' id='word_1_38' title='bbox 720 1047 856 1121; x_wconf 88' lang='lat' dir='ltr'><strong>oblatio</strong></span> <span class='ocrx_word' id='word_1_39' title='bbox 870 1047 1082 1149; x_wconf 78' lang='lat' dir='ltr'><strong>procederet</strong></span> <span class='ocrx_word' id='word_1_40' title='bbox 1097 1073 1139 1122; x_wconf 90' lang='lat' dir='ltr'><strong>ac</strong></span> <span class='ocrx_word' id='word_1_41' title='bbox 1155 1049 1331 1142; x_wconf 77' lang='lat' dir='ltr'><strong>tenderet,</strong></span> <span class='ocrx_word' id='word_1_42' title='bbox 1349 1052 1437 1125; x_wconf 86' lang='lat' dir='ltr'><strong>actis</strong></span> 
     </span>
     <span class='ocr_line' id='line_1_7' title="bbox 371 1164 1435 1266; baseline 0.002 -28"><span class='ocrx_word' id='word_1_43' title='bbox 371 1165 535 1266; x_wconf 78' lang='lat' dir='ltr'><strong>proinde</strong></span> <span class='ocrx_word' id='word_1_44' title='bbox 544 1166 664 1262; x_wconf 87' lang='lat' dir='ltr'><strong>gratiis</strong></span> <span class='ocrx_word' id='word_1_45' title='bbox 682 1167 773 1262; x_wconf 91' lang='lat' dir='ltr'><strong>regi,</strong></span> <span class='ocrx_word' id='word_1_46' title='bbox 794 1189 837 1237; x_wconf 90' lang='lat' dir='ltr'><strong>ea</strong></span> <span class='ocrx_word' id='word_1_47' title='bbox 856 1190 894 1239; x_wconf 89' lang='lat' dir='ltr'><strong>se</strong></span> <span class='ocrx_word' id='word_1_48' title='bbox 911 1165 1059 1238; x_wconf 91' lang='lat' dir='ltr'><strong>minime</strong></span> <span class='ocrx_word' id='word_1_49' title='bbox 1074 1164 1237 1263; x_wconf 85' lang='lat' dir='ltr'><strong>indigere</strong></span> <span class='ocrx_word' id='word_1_50' title='bbox 1254 1167 1362 1260; x_wconf 84' lang='lat' dir='ltr'><strong>dixit,</strong></span> <span class='ocrx_word' id='word_1_51' title='bbox 1382 1192 1435 1240; x_wconf 89' lang='lat' dir='ltr'><strong>se·</strong></span> 
     </span>
     <span class='ocr_line' id='line_1_8' title="bbox 373 1281 1437 1381; baseline 0 -25"><span class='ocrx_word' id='word_1_52' title='bbox 373 1308 445 1381; x_wconf 90' lang='lat' dir='ltr'><strong>que</strong></span> <span class='ocrx_word' id='word_1_53' title='bbox 465 1283 512 1355; x_wconf 91' lang='lat' dir='ltr'><strong>ad</strong></span> <span class='ocrx_word' id='word_1_54' title='bbox 534 1282 781 1380; x_wconf 88' lang='lat' dir='ltr'><strong>castigandum</strong></span> <span class='ocrx_word' id='word_1_55' title='bbox 804 1281 918 1354; x_wconf 85' lang='lat' dir='ltr'><strong>filium</strong></span> <span class='ocrx_word' id='word_1_56' title='bbox 939 1305 1063 1374; x_wconf 88' lang='lat' dir='ltr'><strong>suum,</strong></span> <span class='ocrx_word' id='word_1_57' title='bbox 1088 1307 1173 1356; x_wconf 94' lang='lat' dir='ltr'><strong>cum</strong></span> <span class='ocrx_word' id='word_1_58' title='bbox 1193 1281 1317 1375; x_wconf 84' lang='lat' dir='ltr'><strong>vellet,</strong></span> <span class='ocrx_word' id='word_1_59' title='bbox 1338 1283 1437 1356; x_wconf 88' lang='lat' dir='ltr'><strong>suffi-</strong></span> 
     </span>
     <span class='ocr_line' id='line_1_9' title="bbox 375 1396 1439 1496; baseline 0.001 -25"><span class='ocrx_word' id='word_1_60' title='bbox 375 1423 473 1488; x_wconf 88' lang='lat' dir='ltr'><strong>cere;</strong></span> <span class='ocrx_word' id='word_1_61' title='bbox 490 1396 661 1471; x_wconf 86' lang='lat' dir='ltr'><strong>adversus</strong></span> <span class='ocrx_word' id='word_1_62' title='bbox 673 1416 782 1496; x_wconf 87' lang='lat' dir='ltr'><strong>quem</strong></span> <span class='ocrx_word' id='word_1_63' title='bbox 795 1423 870 1470; x_wconf 91' lang='lat' dir='ltr'><strong>non</strong></span> <span class='ocrx_word' id='word_1_64' title='bbox 885 1397 977 1470; x_wconf 86' lang='lat' dir='ltr'><strong>adeo</strong></span> <span class='ocrx_word' id='word_1_65' title='bbox 992 1396 1193 1495; x_wconf 85' lang='lat' dir='ltr'><strong>indignatio</strong></span> <span class='ocrx_word' id='word_1_66' title='bbox 1205 1398 1282 1495; x_wconf 85' lang='lat' dir='ltr'><strong>ejus</strong></span> <span class='ocrx_word' id='word_1_67' title='bbox 1290 1423 1439 1475; x_wconf 83' lang='lat' dir='ltr'><strong>accensa</strong></span> 
     </span>
     <span class='ocr_line' id='line_1_10' title="bbox 374 1511 1439 1613; baseline 0.001 -26"><span class='ocrx_word' id='word_1_68' title='bbox 374 1528 467 1604; x_wconf 86' lang='lat' dir='ltr'><strong>erat,</strong></span> <span class='ocrx_word' id='word_1_69' title='bbox 487 1513 589 1613; x_wconf 86' lang='lat' dir='ltr'><strong>qu&#39;od</strong></span> <span class='ocrx_word' id='word_1_70' title='bbox 606 1514 763 1587; x_wconf 87' lang='lat' dir='ltr'><strong>severius</strong></span> <span class='ocrx_word' id='word_1_71' title='bbox 779 1511 915 1611; x_wconf 91' lang='lat' dir='ltr'><strong>aliquid</strong></span> <span class='ocrx_word' id='word_1_72' title='bbox 931 1513 969 1586; x_wconf 91' lang='lat' dir='ltr'><strong>in</strong></span> <span class='ocrx_word' id='word_1_73' title='bbox 990 1537 1075 1586; x_wconf 90' lang='lat' dir='ltr'><strong>eum</strong></span> <span class='ocrx_word' id='word_1_74' title='bbox 1097 1513 1222 1611; x_wconf 92' lang='lat' dir='ltr'><strong>(quem</strong></span> <span class='ocrx_word' id='word_1_75' title='bbox 1242 1538 1317 1586; x_wconf 89' lang='lat' dir='ltr'><strong>non</strong></span> <span class='ocrx_word' id='word_1_76' title='bbox 1337 1538 1439 1588; x_wconf 83' lang='lat' dir='ltr'><strong>secus</strong></span> 
     </span>
     <span class='ocr_line' id='line_1_11' title="bbox 376 1607 1440 1730; baseline 0.003 -29"><span class='ocrx_word' id='word_1_77' title='bbox 376 1653 485 1728; x_wconf 89' lang='lat' dir='ltr'><strong>quam</strong></span> <span class='ocrx_word' id='word_1_78' title='bbox 505 1607 663 1730; x_wconf 76' lang='lat' dir='ltr'><strong>seipsum</strong></span> <span class='ocrx_word' id='word_1_79' title='bbox 682 1629 864 1726; x_wconf 83' lang='lat' dir='ltr'><strong>diligeret)</strong></span> <span class='ocrx_word' id='word_1_80' title='bbox 887 1629 993 1704; x_wconf 88' lang='lat' dir='ltr'><strong>statui</strong></span> <span class='ocrx_word' id='word_1_81' title='bbox 1015 1643 1078 1702; x_wconf 89' lang='lat' dir='ltr'><strong>ant</strong></span> <span class='ocrx_word' id='word_1_82' title='bbox 1099 1627 1215 1702; x_wconf 87' lang='lat' dir='ltr'><strong>ultum</strong></span> <span class='ocrx_word' id='word_1_83' title='bbox 1235 1629 1280 1702; x_wconf 90' lang='lat' dir='ltr'><strong>iri</strong></span> <span class='ocrx_word' id='word_1_84' title='bbox 1299 1629 1440 1704; x_wconf 91' lang='lat' dir='ltr'><strong>deside·</strong></span> 
     </span>
     <span class='ocr_line' id='line_1_12' title="bbox 375 1758 633 1819; baseline 0 -1"><span class='ocrx_word' id='word_1_85' title='bbox 375 1759 484 1819; x_wconf 86' lang='lat' dir='ltr'><strong>raret.</strong></span> <span class='ocrx_word' id='word_1_86' title='bbox 627 1758 633 1769; x_wconf 93' lang='grc'><strong>“</strong></span> 
     </span>
    </p>
   </div>
   <div class='ocr_carea' id='block_1_3' title="bbox 720 1994 1094 2066">
    <p class='ocr_par' dir='ltr' id='par_1_3' title="bbox 720 1994 1094 2066">
     <span class='ocr_line' id='line_1_13' title="bbox 720 1994 1094 2066; baseline -0.003 -1"><span class='ocrx_word' id='word_1_87' title='bbox 720 1994 978 2066; x_wconf 80' lang='lat' dir='ltr'><strong>CAPITULUM</strong></span> <span class='ocrx_word' id='word_1_88' title='bbox 1001 1995 1094 2065; x_wconf 86' lang='lat' dir='ltr'><strong>XXI.</strong></span> 
     </span>
    </p>
   </div>
   <div class='ocr_carea' id='block_1_4' title="bbox 378 2195 1445 2434">
    <p class='ocr_par' dir='ltr' id='par_1_4' title="bbox 378 2195 1445 2434">
     <span class='ocr_line' id='line_1_14' title="bbox 378 2195 1445 2272; baseline 0.004 -22"><span class='ocrx_word' id='word_1_89' title='bbox 378 2197 498 2265; x_wconf 81' lang='lat' dir='ltr'><strong>Qualiter</strong></span> <span class='ocrx_word' id='word_1_90' title='bbox 509 2216 567 2264; x_wconf 81' lang='lat' dir='ltr'><strong>rex,</strong></span> <span class='ocrx_word' id='word_1_91' title='bbox 577 2216 629 2272; x_wconf 83' lang='lat' dir='ltr'><strong>pro</strong></span> <span class='ocrx_word' id='word_1_92' title='bbox 640 2196 746 2252; x_wconf 86' lang='lat' dir='ltr'><strong>luendis</strong></span> <span class='ocrx_word' id='word_1_93' title='bbox 757 2197 833 2251; x_wconf 88' lang='lat' dir='ltr'><strong>terris</strong></span> <span class='ocrx_word' id='word_1_94' title='bbox 843 2195 970 2251; x_wconf 77' lang='lat' dir='ltr'><strong>Picardin</strong></span> <span class='ocrx_word' id='word_1_95' title='bbox 983 2196 1128 2270; x_wconf 77' lang='lat' dir='ltr'><strong>pignoratis</strong></span> <span class='ocrx_word' id='word_1_96' title='bbox 1139 2195 1202 2253; x_wconf 90' lang='lat' dir='ltr'><strong>duei</strong></span> <span class='ocrx_word' id='word_1_97' title='bbox 1213 2197 1385 2272; x_wconf 73' lang='lat' dir='ltr'><strong>burgundie,</strong></span> <span class='ocrx_word' id='word_1_98' title='bbox 1398 2199 1445 2254; x_wconf 88' lang='lat' dir='ltr'><strong>de·</strong></span> 
     </span>
     <span class='ocr_line' id='line_1_15' title="bbox 411 2278 1444 2354; baseline 0.003 -22"><span class='ocrx_word' id='word_1_99' title='bbox 411 2279 498 2350; x_wconf 81' lang='lat' dir='ltr'><strong>potita</strong></span> <span class='ocrx_word' id='word_1_100' title='bbox 511 2296 569 2349; x_wconf 75' lang='lat' dir='ltr'><strong>qun</strong></span> <span class='ocrx_word' id='word_1_101' title='bbox 585 2278 614 2331; x_wconf 92' lang='lat' dir='ltr'><strong>in</strong></span> <span class='ocrx_word' id='word_1_102' title='bbox 628 2279 737 2333; x_wconf 82' lang='lat' dir='ltr'><strong>eeclesia</strong></span> <span class='ocrx_word' id='word_1_103' title='bbox 750 2278 890 2332; x_wconf 87' lang='lat' dir='ltr'><strong>Parisiensi</strong></span> <span class='ocrx_word' id='word_1_104' title='bbox 906 2279 1089 2346; x_wconf 80' lang='lat' dir='ltr'><strong>servabantur,</strong></span> <span class='ocrx_word' id='word_1_105' title='bbox 1102 2279 1179 2343; x_wconf 89' lang='lat' dir='ltr'><strong>tulit,</strong></span> <span class='ocrx_word' id='word_1_106' title='bbox 1197 2293 1224 2334; x_wconf 86' lang='lat' dir='ltr'><strong>et</strong></span> <span class='ocrx_word' id='word_1_107' title='bbox 1237 2279 1325 2334; x_wconf 87' lang='lat' dir='ltr'><strong>edicto</strong></span> <span class='ocrx_word' id='word_1_108' title='bbox 1339 2300 1444 2354; x_wconf 88' lang='lat' dir='ltr'><strong>propo·</strong></span> 
     </span>
     <span class='ocr_line' id='line_1_16' title="bbox 413 2357 1194 2434; baseline 0.001 -21"><span class='ocrx_word' id='word_1_109' title='bbox 413 2360 464 2414; x_wconf 80' lang='lat' dir='ltr'><strong>sito</strong></span> <span class='ocrx_word' id='word_1_110' title='bbox 475 2361 578 2415; x_wconf 83' lang='lat' dir='ltr'><strong>eunctis</strong></span> <span class='ocrx_word' id='word_1_111' title='bbox 587 2361 704 2416; x_wconf 78' lang='lat' dir='ltr'><strong>venandi</strong></span> <span class='ocrx_word' id='word_1_112' title='bbox 716 2373 873 2434; x_wconf 85' lang='lat' dir='ltr'><strong>potestatem</strong></span> <span class='ocrx_word' id='word_1_113' title='bbox 884 2373 911 2414; x_wconf 87' lang='lat' dir='ltr'><strong>et</strong></span> <span class='ocrx_word' id='word_1_114' title='bbox 922 2360 1072 2415; x_wconf 75' lang='lat' dir='ltr'><strong>facultatem</strong></span> <span class='ocrx_word' id='word_1_115' title='bbox 1083 2357 1194 2414; x_wconf 80' lang='lat' dir='ltr'><strong>ademit.</strong></span> 
     </span>
    </p>
   </div>
   <div class='ocr_carea' id='block_1_5' title="bbox 343 2525 1456 3918">
    <p class='ocr_par' dir='ltr' id='par_1_5' title="bbox 343 2525 1450 3324">
     <span class='ocr_line' id='line_1_17' title="bbox 427 2525 1446 2637; baseline -0.002 -25"><span class='ocrx_word' id='word_1_116' title='bbox 427 2540 498 2614; x_wconf 90' lang='lat' dir='ltr'><strong>Sed</strong></span> <span class='ocrx_word' id='word_1_117' title='bbox 516 2565 599 2614; x_wconf 89' lang='lat' dir='ltr'><strong>cum</strong></span> <span class='ocrx_word' id='word_1_118' title='bbox 617 2540 693 2613; x_wconf 82' lang='lat' dir='ltr'><strong>haec</strong></span> <span class='ocrx_word' id='word_1_119' title='bbox 708 2543 757 2613; x_wconf 91' lang='lat' dir='ltr'><strong>ita</strong></span> <span class='ocrx_word' id='word_1_120' title='bbox 771 2538 1016 2630; x_wconf 85' lang='lat' dir='ltr'><strong>decurrerent,</strong></span> <span class='ocrx_word' id='word_1_121' title='bbox 1031 2553 1194 2637; x_wconf 86' lang='lat' dir='ltr'><strong>essetque</strong></span> <span class='ocrx_word' id='word_1_122' title='bbox 1206 2540 1244 2612; x_wconf 93' lang='lat' dir='ltr'><strong>in</strong></span> <span class='ocrx_word' id='word_1_123' title='bbox 1256 2525 1446 2612; x_wconf 87' lang='lat' dir='ltr'><strong>Holiandia</strong></span> 
     </span>
     <span class='ocr_line' id='line_1_18' title="bbox 380 2654 1444 2756; baseline -0.001 -28"><span class='ocrx_word' id='word_1_124' title='bbox 380 2657 546 2756; x_wconf 80' lang='lat' dir='ltr'><strong>praeiatus</strong></span> <span class='ocrx_word' id='word_1_125' title='bbox 567 2658 738 2732; x_wconf 89' lang='lat' dir='ltr'><strong>dominus</strong></span> <span class='ocrx_word' id='word_1_126' title='bbox 763 2680 885 2729; x_wconf 89' lang='lat' dir='ltr'><strong>comes</strong></span> <span class='ocrx_word' id='word_1_127' title='bbox 908 2654 955 2727; x_wconf 92' lang='lat' dir='ltr'><strong>de</strong></span> <span class='ocrx_word' id='word_1_128' title='bbox 980 2654 1184 2747; x_wconf 77' lang='lat' dir='ltr'><strong>Charolois,</strong></span> <span class='ocrx_word' id='word_1_129' title='bbox 1210 2671 1250 2728; x_wconf 91' lang='lat' dir='ltr'><strong>ut</strong></span> <span class='ocrx_word' id='word_1_130' title='bbox 1273 2655 1444 2747; x_wconf 83' lang='lat' dir='ltr'><strong>diximus,</strong></span> 
     </span>
     <span class='ocr_line' id='line_1_19' title="bbox 380 2770 1448 2847; baseline 0.002 -4"><span class='ocrx_word' id='word_1_131' title='bbox 380 2773 418 2844; x_wconf 94' lang='lat' dir='ltr'><strong>in</strong></span> <span class='ocrx_word' id='word_1_132' title='bbox 435 2775 597 2846; x_wconf 88' lang='lat' dir='ltr'><strong>animum</strong></span> <span class='ocrx_word' id='word_1_133' title='bbox 613 2799 719 2847; x_wconf 89' lang='lat' dir='ltr'><strong>suum</strong></span> <span class='ocrx_word' id='word_1_134' title='bbox 734 2770 874 2843; x_wconf 81' lang='lat' dir='ltr'><strong>induxit</strong></span> <span class='ocrx_word' id='word_1_135' title='bbox 886 2774 1108 2842; x_wconf 89' lang='lat' dir='ltr'><strong>Francorum</strong></span> <span class='ocrx_word' id='word_1_136' title='bbox 1125 2795 1188 2842; x_wconf 86' lang='lat' dir='ltr'><strong>rex</strong></span> <span class='ocrx_word' id='word_1_137' title='bbox 1205 2786 1315 2844; x_wconf 86' lang='lat' dir='ltr'><strong>terras</strong></span> <span class='ocrx_word' id='word_1_138' title='bbox 1333 2773 1448 2845; x_wconf 85' lang='lat' dir='ltr'><strong>Picar-</strong></span> 
     </span>
     <span class='ocr_line' id='line_1_20' title="bbox 381 2885 1447 2988; baseline -0.001 -27"><span class='ocrx_word' id='word_1_139' title='bbox 381 2888 449 2961; x_wconf 85' lang='lat' dir='ltr'><strong>diae</strong></span> <span class='ocrx_word' id='word_1_140' title='bbox 461 2911 569 2988; x_wconf 88' lang='lat' dir='ltr'><strong>super</strong></span> <span class='ocrx_word' id='word_1_141' title='bbox 580 2889 714 2962; x_wconf 84' lang='lat' dir='ltr'><strong>flumen</strong></span> <span class='ocrx_word' id='word_1_142' title='bbox 729 2889 936 2958; x_wconf 83' lang='lat' dir='ltr'><strong>Summonae</strong></span> <span class='ocrx_word' id='word_1_143' title='bbox 948 2900 984 2958; x_wconf 92' lang='lat' dir='ltr'><strong>et</strong></span> <span class='ocrx_word' id='word_1_144' title='bbox 995 2885 1100 2974; x_wconf 78' lang='lat' dir='ltr'><strong>uitr&#39;a,</strong></span> <span class='ocrx_word' id='word_1_145' title='bbox 1115 2911 1237 2960; x_wconf 83' lang='lat' dir='ltr'><strong>versus</strong></span> <span class='ocrx_word' id='word_1_146' title='bbox 1251 2885 1447 2978; x_wconf 87' lang='lat' dir='ltr'><strong>Flandrias,</strong></span> 
     </span>
     <span class='ocr_line' id='line_1_21' title="bbox 383 3001 1450 3105; baseline -0.001 -28"><span class='ocrx_word' id='word_1_147' title='bbox 383 3030 404 3077; x_wconf 93' lang='lat' dir='ltr'><strong>a</strong></span> <span class='ocrx_word' id='word_1_148' title='bbox 424 3020 527 3103; x_wconf 89' lang='lat' dir='ltr'><strong>patre</strong></span> <span class='ocrx_word' id='word_1_149' title='bbox 549 3030 633 3090; x_wconf 79' lang='lat' dir='ltr'><strong>suo,</strong></span> <span class='ocrx_word' id='word_1_150' title='bbox 653 3005 720 3103; x_wconf 88' lang='lat' dir='ltr'><strong>piae</strong></span> <span class='ocrx_word' id='word_1_151' title='bbox 738 3002 939 3095; x_wconf 72' lang='lat' dir='ltr'><strong>memoriae,</strong></span> <span class='ocrx_word' id='word_1_152' title='bbox 964 3001 1048 3075; x_wconf 90' lang='lat' dir='ltr'><strong>duci</strong></span> <span class='ocrx_word' id='word_1_153' title='bbox 1068 3003 1366 3100; x_wconf 88' lang='lat' dir='ltr'><strong>Burgundionum</strong></span> <span class='ocrx_word' id='word_1_154' title='bbox 1383 3029 1450 3105; x_wconf 93' lang='lat' dir='ltr'><strong>pro</strong></span> 
     </span>
     <span class='ocr_line' id='line_1_22' title="bbox 343 3113 1450 3220; baseline -0.001 -25"><span class='ocrx_word' id='word_1_155' title='bbox 343 3171 350 3198; x_wconf 55' lang='lat' dir='ltr'><strong>t</strong></span> <span class='ocrx_word' id='word_1_156' title='bbox 383 3146 526 3192; x_wconf 88' lang='lat' dir='ltr'><strong>summa</strong></span> <span class='ocrx_word' id='word_1_157' title='bbox 542 3120 889 3219; x_wconf 87' lang='lat' dir='ltr'><strong>quadringentorum</strong></span> <span class='ocrx_word' id='word_1_158' title='bbox 908 3117 1005 3191; x_wconf 84' lang='lat' dir='ltr'><strong>mille</strong></span> <span class='ocrx_word' id='word_1_159' title='bbox 1021 3134 1210 3192; x_wconf 88' lang='lat' dir='ltr'><strong>scutorum</strong></span> <span class='ocrx_word' id='word_1_160' title='bbox 1228 3113 1450 3220; x_wconf 66' lang='lat' dir='ltr'><strong>auri&#39;pigno·</strong></span> 
     </span>
     <span class='ocr_line' id='line_1_23' title="bbox 384 3231 1113 3324; baseline -0.004 -15"><span class='ocrx_word' id='word_1_161' title='bbox 384 3241 507 3324; x_wconf 82' lang='lat' dir='ltr'><strong>ratas¹,</strong></span> <span class='ocrx_word' id='word_1_162' title='bbox 525 3237 623 3309; x_wconf 89' lang='lat' dir='ltr'><strong>luere</strong></span> <span class='ocrx_word' id='word_1_163' title='bbox 639 3251 675 3309; x_wconf 92' lang='lat' dir='ltr'><strong>et</strong></span> <span class='ocrx_word' id='word_1_164' title='bbox 692 3231 791 3308; x_wconf 83' lang='lat' dir='ltr'><strong>adse</strong></span> <span class='ocrx_word' id='word_1_165' title='bbox 808 3233 900 3307; x_wconf 88' lang='lat' dir='ltr'><strong>velle</strong></span> <span class='ocrx_word' id='word_1_166' title='bbox 916 3237 1113 3308; x_wconf 84' lang='lat' dir='ltr'><strong>revocare¹.</strong></span> 
     </span>
    </p>

    <p class='ocr_par' dir='ltr' id='par_1_6' title="bbox 387 3351 1456 3918">
     <span class='ocr_line' id='line_1_24' title="bbox 436 3351 1454 3452; baseline 0.001 -28"><span class='ocrx_word' id='word_1_167' title='bbox 436 3353 490 3424; x_wconf 77' lang='lat' dir='ltr'><strong>Ad</strong></span> <span class='ocrx_word' id='word_1_168' title='bbox 506 3353 605 3452; x_wconf 92' lang='lat' dir='ltr'><strong>quod</strong></span> <span class='ocrx_word' id='word_1_169' title='bbox 620 3351 864 3444; x_wconf 83' lang='lat' dir='ltr'><strong>efficiendum,</strong></span> <span class='ocrx_word' id='word_1_170' title='bbox 881 3376 964 3423; x_wconf 92' lang='lat' dir='ltr'><strong>cum</strong></span> <span class='ocrx_word' id='word_1_171' title='bbox 979 3351 1149 3449; x_wconf 90' lang='lat' dir='ltr'><strong>pecunias</strong></span> <span class='ocrx_word' id='word_1_172' title='bbox 1165 3368 1306 3451; x_wconf 85' lang='lat' dir='ltr'><strong>paratas</strong></span> <span class='ocrx_word' id='word_1_173' title='bbox 1323 3352 1454 3426; x_wconf 88' lang='lat' dir='ltr'><strong>adhoc</strong></span> 
     </span>
     <span class='ocr_line' id='line_1_25' title="bbox 387 3467 1455 3559; baseline 0 -19"><span class='ocrx_word' id='word_1_174' title='bbox 387 3467 602 3540; x_wconf 85' lang='lat' dir='ltr'><strong>sufficientes</strong></span> <span class='ocrx_word' id='word_1_175' title='bbox 616 3469 765 3540; x_wconf 90' lang='lat' dir='ltr'><strong>minime</strong></span> <span class='ocrx_word' id='word_1_176' title='bbox 778 3467 946 3559; x_wconf 89' lang='lat' dir='ltr'><strong>baberet,</strong></span> <span class='ocrx_word' id='word_1_177' title='bbox 963 3468 1081 3540; x_wconf 91' lang='lat' dir='ltr'><strong>statim</strong></span> <span class='ocrx_word' id='word_1_178' title='bbox 1096 3467 1142 3540; x_wconf 90' lang='lat' dir='ltr'><strong>de</strong></span> <span class='ocrx_word' id='word_1_179' title='bbox 1158 3467 1270 3541; x_wconf 91' lang='lat' dir='ltr'><strong>modo</strong></span> <span class='ocrx_word' id='word_1_180' title='bbox 1286 3469 1378 3541; x_wconf 80' lang='lat' dir='ltr'><strong>taciti</strong></span> <span class='ocrx_word' id='word_1_181' title='bbox 1395 3493 1455 3541; x_wconf 86' lang='lat' dir='ltr'><strong>eas</strong></span> 
     </span>
     <span class='ocr_line' id='line_1_26' title="bbox 387 3583 1455 3683; baseline 0.003 -28"><span class='ocrx_word' id='word_1_182' title='bbox 387 3584 594 3658; x_wconf 86' lang='lat' dir='ltr'><strong>inveniendi</strong></span> <span class='ocrx_word' id='word_1_183' title='bbox 610 3599 718 3683; x_wconf 86' lang='lat' dir='ltr'><strong>atque</strong></span> <span class='ocrx_word' id='word_1_184' title='bbox 734 3586 772 3656; x_wconf 92' lang='lat' dir='ltr'><strong>in</strong></span> <span class='ocrx_word' id='word_1_185' title='bbox 789 3609 902 3658; x_wconf 88' lang='lat' dir='ltr'><strong>unum</strong></span> <span class='ocrx_word' id='word_1_186' title='bbox 918 3583 1132 3682; x_wconf 88' lang='lat' dir='ltr'><strong>aggregandi</strong></span> <span class='ocrx_word' id='word_1_187' title='bbox 1149 3585 1339 3658; x_wconf 85' lang='lat' dir='ltr'><strong>consilium</strong></span> <span class='ocrx_word' id='word_1_188' title='bbox 1356 3587 1455 3658; x_wconf 85' lang='lat' dir='ltr'><strong>inve·</strong></span> 
     </span>
     <span class='ocr_line' id='line_1_27' title="bbox 388 3699 1456 3801; baseline 0 -28"><span class='ocrx_word' id='word_1_189' title='bbox 388 3699 454 3773; x_wconf 91' lang='lat' dir='ltr'><strong>nit.</strong></span> <span class='ocrx_word' id='word_1_190' title='bbox 482 3705 505 3771; x_wconf 84' lang='grc' dir='ltr'>Α</span> <span class='ocrx_word' id='word_1_191' title='bbox 530 3702 682 3799; x_wconf 86' lang='lat' dir='ltr'><strong>praelatis</strong></span> <span class='ocrx_word' id='word_1_192' title='bbox 714 3701 811 3773; x_wconf 89' lang='lat' dir='ltr'><strong>enim</strong></span> <span class='ocrx_word' id='word_1_193' title='bbox 844 3699 954 3773; x_wconf 90' lang='lat' dir='ltr'><strong>totius</strong></span> <span class='ocrx_word' id='word_1_194' title='bbox 981 3701 1099 3800; x_wconf 89' lang='lat' dir='ltr'><strong>regni,</strong></span> <span class='ocrx_word' id='word_1_195' title='bbox 1127 3714 1202 3773; x_wconf 90' lang='lat' dir='ltr'><strong>tam</strong></span> <span class='ocrx_word' id='word_1_196' title='bbox 1225 3700 1456 3801; x_wconf 85' lang='lat' dir='ltr'><strong>pontificibus</strong></span> 
     </span>
     <span class='ocr_line' id='line_1_28' title="bbox 389 3815 1453 3918; baseline -0.002 -28"><span class='ocrx_word' id='word_1_197' title='bbox 389 3840 499 3918; x_wconf 88' lang='lat' dir='ltr'><strong>quam</strong></span> <span class='ocrx_word' id='word_1_198' title='bbox 516 3816 720 3911; x_wconf 87' lang='lat' dir='ltr'><strong>abbatibus,</strong></span> <span class='ocrx_word' id='word_1_199' title='bbox 741 3817 804 3916; x_wconf 91' lang='lat' dir='ltr'><strong>qui</strong></span> <span class='ocrx_word' id='word_1_200' title='bbox 821 3841 898 3891; x_wconf 90' lang='lat' dir='ltr'><strong>rem</strong></span> <span class='ocrx_word' id='word_1_201' title='bbox 913 3817 1069 3916; x_wconf 83' lang='lat' dir='ltr'><strong>aiiquam</strong></span> <span class='ocrx_word' id='word_1_202' title='bbox 1082 3815 1217 3889; x_wconf 87' lang='lat' dir='ltr'><strong>babere</strong></span> <span class='ocrx_word' id='word_1_203' title='bbox 1230 3831 1453 3917; x_wconf 84' lang='lat' dir='ltr'><strong>putarentur,</strong></span> 
     </span>
    </p>
   </div>
   <div class='ocr_carea' id='block_1_6' title="bbox 349 3983 1458 4280">
    <p class='ocr_par' dir='ltr' id='par_1_7' title="bbox 349 3983 1458 4280">
     <span class='ocr_line' id='line_1_29' title="bbox 431 3983 1458 4104; baseline 0.001 -23"><span class='ocrx_word' id='word_1_204' title='bbox 431 4027 459 4081; x_wconf 84' lang='lat' dir='ltr'><strong>t.</strong></span> <span class='ocrx_word' id='word_1_205' title='bbox 484 4029 539 4083; x_wconf 88' lang='lat' dir='ltr'><strong>Par</strong></span> <span class='ocrx_word' id='word_1_206' title='bbox 552 4023 580 4082; x_wconf 89' lang='lat' dir='ltr'><strong>le</strong></span> <span class='ocrx_word' id='word_1_207' title='bbox 594 3983 677 4083; x_wconf 72' lang='lat' dir='ltr'><strong>traite</strong></span> <span class='ocrx_word' id='word_1_208' title='bbox 695 4022 833 4095; x_wconf 80' lang='lat' dir='ltr'><strong>d&#39;Arras,</strong></span> <span class='ocrx_word' id='word_1_209' title='bbox 847 4042 884 4082; x_wconf 89' lang='lat' dir='ltr'><strong>en</strong></span> <span class='ocrx_word' id='word_1_210' title='bbox 903 4025 997 4095; x_wconf 74' lang='lat' dir='ltr'><strong>teto,</strong></span> <span class='ocrx_word' id='word_1_211' title='bbox 1011 4020 1085 4079; x_wconf 85' lang='lat' dir='ltr'><strong>ainsi</strong></span> <span class='ocrx_word' id='word_1_212' title='bbox 1099 4039 1157 4099; x_wconf 86' lang='lat' dir='ltr'><strong>que</strong></span> <span class='ocrx_word' id='word_1_213' title='bbox 1177 4019 1302 4094; x_wconf 80' lang='lat' dir='ltr'><strong>l’auteur</strong></span> <span class='ocrx_word' id='word_1_214' title='bbox 1316 4023 1353 4082; x_wconf 85' lang='lat' dir='ltr'><strong>i&#39;a</strong></span> <span class='ocrx_word' id='word_1_215' title='bbox 1365 4023 1458 4104; x_wconf 83' lang='lat' dir='ltr'><strong>expli·</strong></span> 
     </span>
     <span class='ocr_line' id='line_1_30' title="bbox 349 4110 1159 4194; baseline -0.005 -21"><span class='ocrx_word' id='word_1_216' title='bbox 349 4149 355 4164; x_wconf 58' lang='lat'>«</span> <span class='ocrx_word' id='word_1_217' title='bbox 390 4113 448 4194; x_wconf 72' lang='lat' dir='ltr'><strong>que</strong></span> <span class='ocrx_word' id='word_1_218' title='bbox 462 4113 533 4172; x_wconf 91' lang='lat' dir='ltr'><strong>dans</strong></span> <span class='ocrx_word' id='word_1_219' title='bbox 548 4113 696 4172; x_wconf 83' lang='lat' dir='ltr'><strong>i&#39;Hr&#39;stoire</strong></span> <span class='ocrx_word' id='word_1_220' title='bbox 713 4115 750 4170; x_wconf 87' lang='lat' dir='ltr'><strong>de</strong></span> <span class='ocrx_word' id='word_1_221' title='bbox 765 4112 881 4173; x_wconf 83' lang='lat' dir='ltr'><strong>Charles</strong></span> <span class='ocrx_word' id='word_1_222' title='bbox 895 4115 969 4183; x_wconf 85' lang='lat' dir='ltr'><strong>VII,</strong></span> <span class='ocrx_word' id='word_1_223' title='bbox 979 4110 1003 4192; x_wconf 74' lang='lat' dir='ltr'><strong>J.</strong></span> <span class='ocrx_word' id='word_1_224' title='bbox 1020 4113 1077 4182; x_wconf 90' lang='lat'><strong>111,</strong></span> <span class='ocrx_word' id='word_1_225' title='bbox 1093 4129 1120 4167; x_wconf 90' lang='lat' dir='ltr'><strong>c.</strong></span> <span class='ocrx_word' id='word_1_226' title='bbox 1136 4129 1159 4169; x_wconf 87' lang='lat'><strong>1.</strong></span> 
     </span>
     <span class='ocr_line' id='line_1_31' title="bbox 433 4197 1455 4280; baseline 0.001 -19"><span class='ocrx_word' id='word_1_227' title='bbox 433 4207 462 4263; x_wconf 80' lang='lat'><strong>2.</strong></span> <span class='ocrx_word' id='word_1_228' title='bbox 482 4208 524 4264; x_wconf 91' lang='lat' dir='ltr'><strong>La</strong></span> <span class='ocrx_word' id='word_1_229' title='bbox 539 4201 724 4262; x_wconf 84' lang='lat' dir='ltr'><strong>commission</strong></span> <span class='ocrx_word' id='word_1_230' title='bbox 741 4200 856 4260; x_wconf 72' lang='lat' dir='ltr'><strong>donnde</strong></span> <span class='ocrx_word' id='word_1_231' title='bbox 870 4218 946 4280; x_wconf 89' lang='lat' dir='ltr'><strong>pour</strong></span> <span class='ocrx_word' id='word_1_232' title='bbox 959 4200 986 4258; x_wconf 89' lang='lat' dir='ltr'><strong>ie</strong></span> <span class='ocrx_word' id='word_1_233' title='bbox 1000 4197 1098 4258; x_wconf 87' lang='lat' dir='ltr'><strong>rachat</strong></span> <span class='ocrx_word' id='word_1_234' title='bbox 1113 4211 1157 4259; x_wconf 88' lang='lat' dir='ltr'><strong>est</strong></span> <span class='ocrx_word' id='word_1_235' title='bbox 1169 4197 1208 4257; x_wconf 90' lang='lat' dir='ltr'><strong>dn</strong></span> <span class='ocrx_word' id='word_1_236' title='bbox 1225 4201 1260 4258; x_wconf 78' lang='lat'><strong>21</strong></span> <span class='ocrx_word' id='word_1_237' title='bbox 1280 4203 1349 4259; x_wconf 85' lang='lat' dir='ltr'><strong>aodt</strong></span> <span class='ocrx_word' id='word_1_238' title='bbox 1366 4203 1455 4262; x_wconf 74' lang='lat' dir='ltr'><strong>ttot.</strong></span> 
     </span>
    </p>
   </div>
   <div class='ocr_carea' id='block_1_7' title="bbox 0 0 1737 5186">
    <p class='ocr_par' dir='ltr' id='par_1_8' title="bbox 0 0 1737 5186">
     <span class='ocr_line' id='line_1_32' title="bbox 0 0 1737 5186; baseline 0 0"><span class='ocrx_word' id='word_1_239' title='bbox 0 0 1737 5186; x_wconf 95' lang='lat' dir='ltr'><strong> </strong></span> 
     </span>
    </p>
   </div>
  </div>
 </body>
</html>
