3282 5168
351 454 358 466 ο
385 499 443 557 tttt
656 495 914 556 fflsromantttt
932 495 1112 553 Lnnovrcl
1131 497 1175 552 xl

386 629 454 702 diae
463 629 541 725 jam
557 627 741 702 machinas
756 642 793 699 et
808 626 936 698 bellica
948 627 1199 717 instrumenta,
1215 650 1294 722 quae
1305 625 1351 698 ad
1363 652 1439 698 mu·

384 749 509 820 nimen
536 770 687 818 suorum
711 727 913 818 castrorum
932 741 1129 836 habuerat,
1157 743 1205 816 ad
1226 757 1335 816 terras
1359 767 1441 816 suas

385 886 468 934 cum
492 860 711 961 supellectile
742 884 807 933 sua
829 858 1059 932 devehendas
1085 874 1306 958 reposuerat.
1336 862 1439 933 Simi-

382 977 465 1051 liter
477 979 587 1051 etiam
603 977 864 1075 negotiatores,
889 975 972 1073 qui,
998 973 1271 1073 suppeditanda
1289 999 1441 1049 annonae

381 1108 662 1191 caeterarumque
688 1115 810 1165 rerum
838 1091 1007 1164 exercitui
1034 1089 1137 1162 ducis
1164 1091 1441 1164 necessariarum

381 1210 513 1308 gratia,
535 1223 650 1282 castra
671 1207 785 1280 secuti
809 1205 973 1299 fuerant,
992 1207 1030 1278 in
1051 1205 1186 1278 eisdem
1208 1206 1358 1279 navibus
1378 1230 1442 1278 sna

380 1323 619 1398 condiderant
640 1322 751 1396 bona.
775 1325 820 1394 Et
839 1347 924 1395 cum
941 1321 1085 1394 easdem
1101 1321 1149 1393 de
1162 1321 1335 1422 praesidiis
1350 1323 1441 1394 mili·

382 1439 519 1516 taribus
540 1439 693 1512 nudatas
714 1439 934 1514 invenissent
949 1439 1139 1532 Germani,
1157 1462 1202 1510 eo
1223 1439 1324 1538 quod
1339 1453 1441 1538 pacta

379 1557 474 1628 inter
488 1557 669 1656 principes
684 1554 851 1632 absoluta
863 1571 983 1650 erant,
1000 1570 1037 1628 et
1054 1555 1152 1628 nulla
1171 1556 1247 1654 jam
1265 1555 1311 1630 de
1328 1571 1439 1630 certa·

381 1667 481 1744 mine
509 1672 567 1746 vel
596 1673 850 1772 congressione
879 1671 1037 1772 suspicio
1068 1669 1282 1766 ducebatur,
1317 1671 1438 1768 lacilc,

380 1789 483 1862 nullo
506 1791 712 1883 resistente,
730 1803 922 1890 ceperunt,
946 1811 1079 1886 easque
1099 1802 1272 1890 tanquam
1287 1789 1440 1889 predam

379 1929 485 1979 suam
501 1906 691 1979 Coloniam
708 1905 956 1998 abduxerunt,
981 1929 1018 1976 ιι
1042 1930 1195 1979 numero
1218 1904 1275 1980 rel
1297 1931 1378 1998 xvi,
1401 1921 1441 1978 ut

379 2019 441 2096 alii
456 2021 677 2094 asserebant.

429 2131 640 2224 Quotacto,
662 2132 817 2228 graviter
835 2130 881 2204 de
897 2131 984 2205 dolo
1002 2147 1038 2205 et
1053 2131 1206 2232 perfidia
1225 2133 1443 2230 burgundio-

379 2270 468 2318 num
485 2245 560 2318 dur
574 2246 673 2346 apud
691 2248 947 2346 imperatorem
964 2263 1001 2319 et
1018 2273 1103 2320 suos
1117 2247 1296 2347 principes
1314 2271 1441 2347 quere-

380 2360 505 2454 batur,
527 2363 789 2458 comminatus,
807 2363 877 2434 nisi
893 2362 962 2435 sibi
981 2364 1100 2435 statim
1121 2363 1296 2435 restitutio
1318 2361 1438 2458 lieret,

380 2502 420 2549 se
441 2501 598 2575 suosque
620 2477 745 2551 denuo
768 2479 816 2552 ad
838 2503 939 2552 arma
962 2479 1138 2579 prosilire.
1160 2482 1249 2567 Quae
1272 2504 1355 2552 cum
1378 2507 1440 2580 per

381 2595 459 2668 dies
473 2595 613 2694 aliquot
629 2595 783 2696 querelae
798 2595 1109 2696 protraherentur,
1126 2597 1439 2669 intercurrentibus

382 2713 477 2785 ultro
502 2714 666 2812 citroque
682 2713 817 2785 nuntiis
833 2727 869 2784 et
890 2712 1032 2812 legatis,
1050 2713 1197 2813 praelato
1220 2713 1329 2786 etiam
1353 2739 1439 2814 apo

381 2829 514 2903 stolicae
534 2830 629 2902 sedis
642 2828 781 2926 legato,
796 2845 832 2902 et
846 2830 990 2902 labores
1006 2831 1182 2931 plurimos
1198 2845 1436 2924 assumerent,

381 2947 429 3020 ad
444 2945 670 3022 resarcienda
681 2947 769 3020 inita
780 2963 817 3019 et
829 2947 1043 3020 confirmata
1055 2961 1174 3048 pacta,
1190 2973 1270 3046 quae
1287 2961 1439 3048 rupturae

380 3077 417 3134 et
433 3064 579 3137 roeidivi
596 3063 680 3134 belli
695 3063 856 3164 periculo
872 3064 1056 3164 subjacere
1073 3065 1301 3158 videbantur,
1314 3065 1440 3138 auditis

381 3179 653 3278 allegationibus
667 3179 843 3278 justisque
860 3181 1029 3276 querelis,
1048 3207 1128 3279 quae
1140 3207 1208 3282 pro
1225 3196 1325 3282 parte
1341 3182 1439 3254 ducis

381 3294 517 3368 fiebant
537 3295 629 3392 (cui,
652 3295 683 3367 si
703 3294 825 3392 aliqua
845 3295 922 3369 rixa
944 3299 1038 3369 inter
1054 3297 1194 3396 aliquos
1215 3297 1439 3398 particulares

380 3413 557 3484 concitata
572 3411 687 3484 luerat
701 3426 830 3510 praeter
847 3413 924 3510 ejus
939 3413 1165 3488 voluntatem
1183 3431 1220 3487 et
1236 3439 1434 3506 assensum,

379 3526 418 3598 id
435 3526 684 3627 praejudicium
702 3527 829 3601 allerre
853 3554 931 3602 non
950 3529 1127 3624 debebat,
1153 3533 1439 3630 potissimarum

378 3645 487 3717 etiam
503 3642 550 3716 ab
564 3641 776 3717 adversariis
787 3659 904 3718 ortam
918 3645 1086 3718 babuisse
1103 3647 1270 3744 injuriam
1285 3647 1438 3720 affirma-

377 3761 518 3858 retur),
545 3761 753 3859 imperator,
778 3763 947 3864 princeps
971 3763 1304 3838 observantissimus
1323 3765 1434 3862 aqui,

377 3878 537 3953 decrevit
570 3876 648 3949 lieri
675 3879 939 3952 restitutionem
963 3879 1185 3974 ablatorum,
1217 3881 1437 3954 assentienti-

379 3996 447 4069 bus
464 3995 531 4068 sibi
553 3995 591 4066 in
613 3992 686 4066 lroc
697 3995 796 4068 Sacri
814 3996 957 4096 Imperii
973 3996 1188 4070 electoribus
1212 3997 1435 4095 caeterisque,

377 4115 441 4212 qui
463 4126 551 4188 tunc
577 4109 745 4205 aderant,
772 4113 997 4213 principibus
1022 4117 1234 4188 Germania.
1264 4114 1437 4188 Nolebant

375 4231 491 4321 enim,
519 4253 587 4328 pro
603 4253 837 4327 quocumque
852 4231 1043 4330 temporali
1064 4231 1200 4306 damm
1216 4231 1272 4304 vel
1297 4232 1434 4304 incom-
