3402 5186
374 460 411 518 36
642 456 896 516 Hlstututtttttt
916 457 1092 514 Lttnovlct
1111 458 1155 513 XI

375 587 687 673 firmissimarum,
721 586 884 658 videlicet
920 588 1008 658 arcis
1041 586 1165 684 oppidi
1199 587 1429 685 Perpiniani,

374 703 463 774 arcis
488 701 533 772 de
559 699 802 771 Coeo-libero¹
828 713 863 770 et
888 699 977 772 arcis
1001 725 1080 797 quae
1105 699 1345 796 Bcllagardia'
1369 686 1459 801 aps

372 817 539 916 pellatur.

425 940 500 1005 Hoc
513 932 624 1028 ,igitur
640 931 751 1003 modo
771 955 853 1003 curn
880 933 973 1004 inter
996 957 1033 1003 se
1055 931 1187 1004 foedera
1210 946 1246 1003 et
1271 931 1432 1028 ligantias

374 1074 496 1144 reges,
528 1047 636 1143 longo
663 1061 746 1117 ante
774 1071 850 1117 aevo
875 1046 1034 1118 invicem
1057 1047 1213 1134 inimici,
1242 1047 1431 1138 fecissent,

374 1164 607 1264 percipientes
636 1163 706 1232 hoc
737 1163 1015 1235 Barcinonenses
1048 1164 1236 1260 caeterique
1269 1165 1331 1260 qui
1360 1167 1434 1260 regi

374 1280 524 1352 rebelles
551 1276 783 1370 exsistebant,
814 1280 895 1350 totis
918 1280 1052 1351 viribus
1079 1278 1285 1374 satagebant
1301 1282 1434 1380 oppida

287 1403 290 1407 ’
376 1413 411 1468 et
433 1420 554 1484 arces,
582 1419 669 1492 quas
688 1394 806 1467 adhuc
823 1420 909 1466 suus
926 1395 1070 1468 tenebat
1093 1422 1154 1469 rex
1172 1398 1209 1468 in
1227 1397 1432 1490 Catalonia,

376 1534 566 1608 occupare.
593 1513 636 1579 Et
652 1534 736 1581 cum
752 1525 845 1583 esset
863 1511 984 1607 regina
1005 1511 1042 1581 in
1062 1510 1202 1583 civitate
1220 1513 1437 1584 Gerunden-

377 1627 469 1698 sium
500 1625 720 1723 superiore⁸,
757 1624 827 1696 filia
864 1626 981 1697 ttahri
1011 1625 1057 1697 de
1087 1627 1212 1717 Linn‘,
1246 1627 1437 1699 ammiralis

376 1741 564 1840 quondam
580 1742 679 1838 regni
696 1740 866 1832 Castellae,
881 1767 990 1838 quam
1008 1766 1149 1813 exosam
1164 1757 1271 1840 atque
1285 1744 1436 1814 invisam

378 1857 552 1930 Catalanis
574 1857 803 1927 vehementer
827 1857 991 1928 interitus
1017 1857 1157 1948 Caroli,
1184 1859 1338 1956 privigni
1352 1859 1435 1948 sui,

380 1975 425 2045 de
438 1998 512 2071 quo
525 1998 564 2043 su
568 1997 631 2068 pra
644 1971 840 2063 retulimus,
855 1973 1032 2062 effecerat,
1048 1997 1128 2045 eam
1140 1975 1176 2044 in
1189 1975 1285 2046 dicta
1299 1975 1438 2046 civitate

380 2086 550 2159 Gerunda
565 2087 648 2157 totis
663 2086 798 2158 viribus
813 2087 1001 2160 obsidione
1016 2087 1250 2184 urgebantE
1267 2113 1339 2186 qua
1355 2114 1438 2161 cum

380 2226 460 2275 eam
480 2201 616 2300 eripere
632 2215 666 2273 et
681 2200 832 2274 liberare
848 2205 901 2275 vir
918 2229 1002 2274 suus
1018 2205 1165 2276 minime
1183 2217 1315 2302 posset,
1331 2209 1441 2276 Fran·

380 2343 507 2392 corum
536 2319 758 2412 exercitum,
794 2333 832 2390 ut
862 2321 1076 2392 acceleraret
1100 2321 1232 2393 intrare
1250 2323 1437 2418 patriam,

381 2460 598 2534 magnopere
610 2435 798 2508 sollicitare
812 2438 962 2524 curavit,
982 2437 1125 2510 tradens
1141 2462 1240 2509 arces
1257 2448 1325 2510 tres
1340 2453 1440 2509 ante-

381 2551 493 2624 dictas
509 2553 545 2622 in
565 2551 730 2623 manibus
739 2553 1007 2651 capitaneorum
1020 2576 1112 2648 quos
1123 2552 1212 2624 inibi
1222 2557 1440 2625 Francorum

382 2668 456 2762 regi
471 2667 603 2766 placuit
618 2667 822 2766 deputaret

422 2868 451 2924 t.
474 2862 634 2932 Collioure,
655 2859 840 2936 aujourd’hui
856 2861 927 2919 dans
944 2861 970 2920 le
989 2860 1188 2940 departement
1208 2860 1258 2921 des
1280 2861 1441 2938 Pyrenees·

382 2953 553 3026 orientales,
572 2950 814 3009 arrondissement
830 2949 866 3008 de
880 2951 975 3009 Ceret.

422 3043 451 3098 2.
475 3037 654 3116 Bellegarde‚
668 3038 744 3096 aussi
758 3037 829 3096 dans
840 3039 1104 3098 l'arrondissement
1116 3038 1152 3097 de
1161 3039 1290 3098 Gerettl
1305 3043 1378 3098 n’est
1392 3057 1443 3116 pas

383 3127 513 3208 question
527 3126 563 3184 de
581 3127 748 3207 Bellegarde
766 3127 836 3186 dans
853 3128 895 3187 les
916 3129 994 3187 deux
1013 3129 1203 3208 exemplaires
1224 3128 1265 3187 du
1285 3129 1367 3187 traite
1385 3129 1442 3186 im-

383 3217 490 3296 prime's
503 3235 556 3294 par
569 3216 689 3295 Lenglet
701 3217 866 3294 Dulresnoy
879 3221 1057 3292 (commines,
1072 3231 1091 3276 t.
1108 3221 1153 3289 ΙΙ,
1170 3238 1198 3294 p.
1215 3220 1284 3291 360)
1300 3240 1307 3272 :
1324 3217 1444 3277 l’exem·

382 3308 474 3386 plaire
497 3305 533 3364 de
557 3305 643 3363 louis
660 3309 719 3378 XI,
739 3305 863 3364 donnea
879 3311 1015 3384 Bayonne
1031 3306 1059 3364 le
1076 3309 1111 3363 tt
1135 3306 1192 3364 mai
1207 3309 1302 3376 itta,
1323 3320 1353 3365 et
1369 3305 1444 3363 celui

385 3394 424 3452 du
438 3395 481 3451 roi
495 3392 656 3472 d’Aragon,
673 3393 738 3452 date
752 3395 788 3452 de
802 3395 954 3472 Saragosse
968 3394 1045 3453 deux
1056 3395 1138 3469 jours
1156 3394 1220 3473 plus
1234 3394 1308 3453 tard.

427 3487 455 3541 3.
477 3485 556 3542 Dans
571 3483 598 3540 la
614 3482 682 3541 ville
696 3483 782 3543 haute
799 3504 838 3542 ou
851 3484 972 3544 chateau
988 3485 1024 3543 de
1039 3485 1157 3544 Girone.

425 3576 454 3631 t.
478 3573 537 3644 Sic,
552 3589 588 3630 au
603 3571 664 3630 lieu
676 3571 713 3630 de
729 3577 825 3630 Alvari
837 3577 872 3630 de
884 3580 978 3644 Luna,
992 3593 1025 3632 ce
1039 3575 1090 3652 qui
1103 3587 1156 3646 est,
1173 3574 1245 3634 dans
1258 3586 1322 3632 tous
1334 3573 1375 3632 les
1384 3593 1441 3646 cas,

385 3682 442 3722 une
456 3681 567 3722 erreur.
584 3665 625 3718 La
640 3662 744 3720 femme
758 3661 798 3720 du
812 3662 856 3720 roi
871 3661 929 3721 don
941 3665 957 3718 J
960 3681 1015 3720 uan
1029 3663 1096 3721 etait
1110 3662 1168 3722 lille
1182 3661 1219 3720 de
1235 3663 1395 3721 l’amirante
1410 3660 1446 3719 de

384 3751 510 3823 Castille,
527 3749 585 3807 don
597 3749 739 3826 Fadrique
752 3752 926 3828 Henriquez.

426 3847 454 3901 5.
475 3839 567 3912 Voici‚
589 3840 704 3919 d’apres
723 3861 762 3899 un
780 3840 926 3899 hrouillon
945 3841 984 3898 du
1006 3852 1115 3918 temps,
1136 3840 1275 3898 conserve
1296 3837 1389 3916 parmi
1407 3838 1447 3896 les

385 3931 500 4009 papiers
509 3929 544 3988 de
553 3928 722 4008 Gaignieres
732 3930 804 4004 (vol.
820 3933 876 3990 378
887 3950 945 3989 aux
958 3949 1025 3991 mss.
1041 3929 1077 3987 de
1090 3929 1117 3988 la
1127 3929 1201 3991 Bibl.
1218 3929 1290 4006 imp.
1300 3932 1321 4001 ),
1334 3929 1361 3986 la
1370 3947 1448 3986 com·

352 4039 353 4042 ¹
386 4020 510 4097 position
527 4018 564 4078 de
582 4018 700 4077 l'armee
714 4020 843 4096 envoyec
858 4038 895 4077 en
913 4019 1070 4097 Catalogne
1089 4040 1095 4073 :
1112 4037 1184 4076 onze
1195 4030 1262 4076 cent
1277 4018 1321 4075 six
1334 4016 1446 4088 lances,

291 4147 300 4162 ,
386 4107 457 4168 dont
472 4109 514 4168 les
535 4097 684 4180 ticossais,
709 4127 776 4164 sous
793 4107 819 4166 le
841 4106 1091 4165 commendement
1105 4105 1141 4165 de
1164 4111 1235 4165 ΜΜ.
1257 4107 1285 4165 le
1303 4117 1397 4165 comte
1413 4105 1448 4163 de

388 4198 551 4278 Boulogne;
570 4197 607 4256 de
620 4203 660 4258 La
675 4197 783 4270 Barde3
803 4196 933 4256 Geoflroi
954 4197 990 4256 de
1006 4195 1197 4271 Sunt-Belin,
1217 4197 1244 4256 le
1264 4195 1396 4256 stntchat
1412 4194 1448 4254 de
