3402 5186
374 567 411 624 ³2
648 565 904 624 utstomannn
924 564 1103 624 LUDOVICI
1123 566 1167 623 XI

372 695 537 795 pellatur)
561 695 608 770 ad
629 689 906 796 quadringentos
930 695 1024 768 mille
1045 696 1186 771 francos
1209 698 1332 797 patriae
1355 723 1435 798 mo·

372 815 494 886 netae¹.
565 849 572 867 ·

421 931 502 999 Hoc
513 935 634 1000 autem
648 927 770 1001 audito
787 928 877 1024 regis
894 949 1085 1026 respons0,
1105 927 1168 1024 qui
1185 927 1435 1028 prudentiores

372 1057 474 1116 erant
488 1058 524 1115 et
539 1043 650 1140 magis
667 1067 787 1116 rerum
800 1040 1049 1139 hujuscemodi
1064 1043 1218 1141 experti,
1241 1041 1334 1115 fictis
1359 1057 1435 1115 tan·

371 1158 559 1231 tummodo
584 1157 808 1232 sermonibus
827 1144 1046 1229 uibutorum'
1067 1158 1217 1254 gratiam
1241 1182 1282 1230 ac
1309 1158 1435 1230 remis-

372 1275 512 1349 sionem
528 1300 593 1375 per
608 1298 727 1370 regem
743 1270 918 1366 simulari,
937 1298 977 1345 re
989 1286 1110 1345 autem
1122 1273 1200 1372 ipsa
1213 1271 1301 1346 nihil
1316 1274 1454 1346 minus,

371 1395 492 1466 oneris
504 1395 690 1494 imponere
703 1393 792 1466 velle
808 1392 946 1491 liquido
963 1391 1224 1465 intellexerunt.
1242 1392 1313 1465 Sed
1328 1391 1435 1464 obtu-

371 1510 465 1584 siore
488 1535 592 1584 sensu
621 1524 660 1584 et
682 1510 911 1606 intelligentia
948 1508 1142 1582 multitudo
1173 1509 1432 1592 advocatorum

371 1626 593 1706 saecularium
608 1629 747 1726 patriae,
765 1627 826 1700 tali
843 1626 1008 1699 suasione
1020 1625 1162 1718 delusa,
1182 1627 1350 1726 magnam
1365 1626 1434 1699 sibi

372 1768 436 1842 per
451 1769 571 1840 regem
587 1743 707 1816 offerri
726 1744 874 1840 gratiam
891 1741 1099 1815 aestimabat.

388 1879 402 1895 ··
419 1857 586 1932 Estenim
597 1859 634 1930 in
645 1857 876 1950 Normannia,
888 1881 953 1956 per
964 1880 1090 1929 omnes
1099 1855 1292 1955 provinciae
1300 1871 1429 1955 partes,

370 1976 497 2072 ingens
515 1975 736 2048 saecularium
756 1965 1014 2049 advocatorum
1034 1997 1222 2063 numerus,
1246 1975 1283 2045 in
1303 1971 1433 2072 quibus

369 2090 598 2188 quamplures
621 2105 704 2162 sunt
725 2089 960 2188 nequissimi,
975 2089 1152 2189 populum
1173 2103 1275 2161 terrae
1295 2091 1332 2160 in
1354 2087 1433 2160 lites

368 2220 404 2278 et
415 2207 567 2280 forensia
579 2207 787 2299 certamina,
804 2206 851 2279 ad
862 2231 952 2305 quas
964 2208 1070 2279 nimis
1085 2206 1251 2305 proclivis
1269 2222 1304 2278 et
1321 2205 1431 2279 lacilis

368 2325 514 2417 exsistit,
534 2321 769 2416 concitantem
789 2339 824 2396 et
843 2324 880 2395 in
897 2320 1105 2420 hujusmodi
1121 2322 1243 2395 litibus
1259 2322 1430 2395 eumdem

368 2442 563 2538 populum,
582 2442 657 2513 imo
674 2441 793 2512 verius
809 2440 1017 2537 semetipsos
1034 2463 1076 2509 ex
1093 2438 1156 2512 tali
1171 2436 1317 2538 publica
1333 2452 1432 2537 peste
1544 2443 1547 2450 '

367 2556 565 2630 nutrientes
579 2570 615 2631 et
628 2556 806 2648 foventes3
825 2558 889 2654 qui
902 2569 1014 2628 totam
1031 2554 1159 2654 populi
1176 2553 1428 2644 substantiam,

366 2697 447 2769 quae
473 2673 638 2747 censibus
667 2689 702 2747 et
729 2673 869 2746 tributis
897 2671 1048 2772 publicis
1076 2684 1196 2770 potest
1226 2693 1427 2770 superesse,

366 2789 459 2863 dolis
479 2805 515 2863 et
533 2791 720 2864 calumniis
742 2792 814 2863 suis
836 2789 1051 2862 exhauriunt
1069 2801 1106 2862 et
1125 2801 1300 2886 exsugunt
1319 2814 1327 2858 ε
1347 2810 1430 2885 pra·
1536 2799 1552 2898 ’ἱ

366 2930 452 2979 vum
476 2906 636 3006 profecto
663 2905 911 3003 hujuscemodi
936 2929 1046 3001 genus
1072 2902 1286 2994 hominum,
1314 2925 1429 2999 quan·

365 3045 474 3118 quam
485 3019 835 3094 interdumnonnulli
844 3009 1101 3108 intercaeteros,
1111 3019 1283 3092 rarissimi
1293 3032 1426 3110 tamen,

366 3136 554 3234 paululum
564 3136 737 3235 aequiores
748 3136 985 3210 inveniantur.
998 3136 1039 3226 li,
1053 3133 1136 3208 licet
1147 3134 1220 3207 sint
1230 3134 1429 3208 litterarum

405 3345 434 3403 l.
456 3341 677 3404 L’ordonnance
691 3339 810 3400 relative
823 3343 840 3399 t
852 3353 898 3400 cet
909 3339 1105 3401 abonnement
1116 3341 1161 3400 fut
1172 3340 1284 3402 rendue
1297 3339 1325 3402 le
1334 3345 1353 3399 l
1362 3341 1428 3416 jan-

365 3429 428 3489 vier
444 3435 517 3490 taut
541 3437 586 3507 (v.
601 3436 666 3508 st),
685 3433 702 3488 a
720 3435 822 3489 Tours.
843 3433 922 3490 Nous
940 3448 979 3490 ne
997 3429 1025 3489 la
1043 3429 1230 3490 connaissons
1242 3449 1300 3509 que
1316 3449 1370 3510 par
1387 3448 1428 3490 un

347 3595 350 3602 Ι
365 3520 549 3581 mandament
563 3522 603 3582 du
617 3523 654 3580 28
665 3539 742 3580 mars
752 3523 831 3580 rtur
846 3525 887 3595 (v.
900 3523 965 3595 st),
980 3519 1114 3599 imprime
1126 3519 1197 3580 dans
1211 3521 1238 3580 le
1252 3524 1368 3579 Recuer'l
1377 3521 1428 3577 des

364 3613 552 3670 ordonnunces
566 3615 599 3687 (t.
614 3614 679 3687 XV,
692 3631 722 3691 p.
740 3611 824 3686 627),
843 3608 915 3668 mais
929 3629 963 3669 ce
981 3609 1166 3670 mandentem
1179 3623 1249 3690 peut
1267 3610 1428 3689 remplacer

360 3699 477 3779 jusqu’a
497 3719 538 3760 un
554 3701 663 3761 certain
682 3701 763 3781 point
785 3699 1011 3774 l’ordonuance,
1033 3717 1119 3778 parce
1136 3699 1207 3778 qu'il
1226 3718 1263 3758 en
1281 3699 1428 3758 renferme

364 3801 458 3850 tontes
469 3790 510 3850 les
522 3789 705 3870 dispositione
715 3788 786 3850 dans
796 3809 842 3849 ses
855 3788 1063 3848 considerante.
1075 3790 1120 3846 On
1133 3809 1152 3866 y
1164 3789 1226 3847 voit
1237 3787 1266 3848 le
1276 3787 1428 3867 decompte

364 3879 415 3940 des
425 3882 484 3940 too
494 3881 552 3938 000
561 3879 660 3954 lirres,
671 3877 742 3938 dont
751 3880 808 3937 300
818 3879 877 3939 000
886 3876 992 3936 etaient
1001 3876 1135 3955 reputees
1144 3876 1247 3936 devoir
1256 3894 1427 3956 compenser

362 3968 392 4028 la
405 3969 503 4045 taille,
518 3973 557 4029 'ld
566 3973 624 4029 000
638 3969 680 4028 les
696 3968 802 4047 impdts
821 3985 871 4026 sur
887 3966 928 4026 les
942 3965 1089 4036 buissons,
1105 3978 1134 4024 et
1148 3968 1187 4026 20
1198 3969 1256 4026 000
1271 3967 1300 4027 la
1313 3965 1427 4046 gabelle

364 4057 405 4117 du
414 4058 466 4119 sel.
480 4063 535 4120 Les
545 4058 682 4118 vicomtes
695 4058 734 4117 du
748 4077 818 4137 pays
831 4056 938 4116 etaient
947 4055 1069 4134 charges
1081 4052 1118 4112 de
1129 4055 1156 4114 la
1168 4056 1336 4136 perception
1350 4055 1387 4115 de
1397 4054 1429 4128 la,

364 4148 441 4208 taille
455 4162 483 4209 et
496 4149 533 4210 de
546 4149 657 4229 l’impdt
671 4148 722 4208 des
736 4147 877 4224 buissons,
892 4145 986 4206 tundis
1000 4165 1056 4224 que
1067 4144 1096 4204 la
1105 4146 1273 4226 perception
1286 4145 1323 4205 de
1333 4145 1362 4205 la
1375 4163 1427 4226 ga·

363 4235 440 4297 belle
457 4238 554 4299 deruit
570 4245 631 4299 etre
648 4237 759 4298 confite
778 4241 795 4296 l
814 4237 865 4298 des
886 4249 985 4317 agents
1005 4234 1138 4296 nummis
1155 4254 1210 4315 par
1227 4235 1270 4296 les
1287 4235 1425 4315 delegues

363 4327 414 4388 des
431 4321 520 4391 Etats.
