3282 5168
358 542 438 598 2701
629 537 1081 600 fflsroataautttuuovtcl
1102 541 1146 598 x1

357 671 609 769 triumphalem
626 672 823 770 ingressum
841 671 888 742 ad
903 668 999 743 hauc
1013 695 1115 743 suam
1129 671 1262 766 regiam
1276 671 1418 762 urbem,

358 789 395 859 in
413 786 561 860 diversis
580 789 679 884 regni
699 786 858 885 partibus
876 789 970 884 capti
988 787 1140 860 suerant.

406 907 459 975 De
481 903 582 1001 cujus
605 903 766 1002 profecto
790 905 920 999 reginae
943 903 1101 976 duorum
1123 903 1212 975 olim
1228 927 1423 998 regnorum

359 1019 711 1117 potentissimorum,
731 1020 888 1091 Franciae
906 1033 941 1090 et
955 1019 1104 1115 Angliae,
1124 1019 1291 1092 aerumnis
1311 1035 1421 1119 atque

358 1135 619 1208 calamitatibus
643 1160 719 1206 non
738 1135 909 1208 absimilia
935 1135 1007 1208 dici
1026 1149 1190 1236 possent,
1211 1160 1321 1234 quam
1342 1163 1423 1235 quae

358 1277 465 1352 supra
482 1253 527 1326 de
544 1255 601 1326 sui
619 1252 761 1324 Henrici
778 1253 980 1326 infelicitate
997 1277 1018 1326 a
1034 1253 1140 1325 nobis
1153 1251 1309 1325 breviter
1323 1255 1426 1326 stric-

358 1369 495 1466 timque
516 1368 626 1441 relata
646 1383 727 1441 sunt
747 1396 755 1439 ε
778 1368 877 1466 quod
904 1369 1023 1466 plures
1047 1371 1145 1442 enim
1168 1369 1423 1466 tragoediarum

359 1500 466 1582 atque
482 1485 649 1584 lugubres
669 1501 704 1557 et
720 1484 873 1557 luctuosi
890 1484 936 1558 de
956 1511 999 1560 ea
1014 1486 1116 1558 facile
1138 1485 1224 1582 fingi
1240 1499 1387 1584 possent
1396 1488 1419 1555 ¹.
1462 1513 1467 1520 ·

359 1602 462 1701 Apud
478 1603 597 1700 ipsum
611 1618 729 1676 tamen
745 1601 952 1674 Edoardum
966 1604 1137 1675 victorem
1153 1601 1263 1673 hodie
1277 1601 1421 1691 dicitur,

358 1718 439 1792 loco
456 1719 705 1792 honestissimo
724 1734 760 1792 et
774 1732 886 1808 statu,
903 1743 987 1790 cum
1002 1741 1066 1790 sua
1077 1719 1200 1814 regina
1211 1731 1318 1814 atquc
1334 1743 1423 1790 eou-

354 1835 459 1933 juge²
476 1837 621 1908 retineri
636 1850 672 1907 et
688 1835 813 1906 foveri.
831 1840 955 1907 Fertur
970 1835 1068 1906 enim
1081 1833 1182 1930 quod
1196 1859 1280 1906 cum
1296 1834 1363 1906 sibi
1375 1833 1423 1906 ab

360 1951 547 2042 Edoardo,
573 1965 764 2049 postquam
789 1948 856 2021 sub
882 1950 959 2046 ejus
982 1964 1129 2023 venerat
1152 1974 1303 2042 manus,
1326 1949 1424 2024 obla·

359 2080 436 2137 tum
453 2065 573 2138 suisset
591 2081 632 2137 ut
649 2092 670 2138 e
687 2066 832 2138 duobus
849 2065 1018 2160 alterum,
1038 2066 1139 2164 quod
1155 2065 1295 2156 mallet,
1316 2067 1424 2164 elige-

359 2195 431 2270 ret,
448 2181 505 2252 vel
527 2181 573 2252 ad
595 2182 748 2280 patriam
768 2195 1004 2281 parentesque
1026 2181 1160 2269 redire,
1183 2181 1240 2252 vel
1256 2182 1294 2252 in
1311 2206 1423 2277 regno

359 2321 425 2369 suo
439 2297 548 2367 vitam
562 2296 709 2395 diesque
722 2323 806 2371 suos
820 2297 991 2397 perficere
1004 2319 1046 2370 ac
1063 2296 1164 2368 finire
1174 2299 1205 2367 ³:
1223 2299 1253 2368 si
1266 2297 1425 2395 primum

359 2414 524 2510 eligeret,
543 2415 724 2512 navigium
741 2441 824 2488 eum
846 2415 999 2488 honesto
1021 2416 1192 2488 comitatu
1214 2416 1425 2513 cunctisque

359 2531 467 2604 rebus
484 2534 690 2606 necessariis
707 2559 745 2605 se
767 2535 801 2605 ei
823 2531 1057 2632 praebiturum
1082 2531 1179 2622 lore,
1199 2531 1341 2605 adeam
1358 2530 1427 2604 de-

359 2647 586 2741 ducendam3
610 2651 665 2722 sin
687 2676 774 2724 vero
799 2652 916 2746 potius
942 2651 979 2721 in
1002 2674 1114 2748 regno
1141 2674 1208 2722 suo
1233 2650 1426 2722 consistere

360 2765 501 2857 mallet,
534 2766 703 2838 daturum
728 2790 766 2837 se
791 2763 1043 2837 honorabilem
1073 2764 1285 2861 pensionem
1313 2764 1427 2835 annui

360 2882 533 2972 redditus,
552 2898 586 2955 et
598 2905 676 2954 eam
691 2883 791 2954 omni
807 2880 927 2954 favore
941 2879 1111 2980 prosequi
1127 2895 1162 2951 et
1178 2879 1423 2951 humanitate:

361 2999 472 3098 ipsam
490 2998 609 3096 potius
620 2998 763 3094 elegisse
778 2999 996 3089 secundum,
1010 2996 1142 3070 scilicet
1153 2997 1192 3068 in
1205 2995 1327 3094 huglia
1342 3020 1428 3068 cou-

359 3117 481 3189 sistere
498 3129 534 3187 et
550 3118 766 3188 remanere&

402 3305 430 3360 l.
453 3301 477 3360 ll
497 3323 516 3380 y
533 3321 551 3362 a
566 3302 605 3362 ici
623 3322 681 3362 une
702 3301 855 3361 alteration
875 3301 1018 3381 profonda
1038 3301 1079 3364 du
1096 3313 1190 3374 texte,
1207 3301 1280 3362 mais
1296 3299 1366 3380 qu’il
1384 3314 1428 3361 est

361 3410 419 3470 peu
433 3391 505 3451 utile
520 3391 557 3451 de
570 3391 710 3451 chercher
725 3389 884 3450 aretablir.

401 3485 431 3539 2.
453 3474 599 3543 Elisabeth
606 3482 754 3562 Wydvile‚
768 3483 826 3542 fille
838 3482 874 3542 de
887 3481 952 3542 iord
963 3482 1078 3554 Rivers,
1090 3481 1162 3540 dont
1170 3481 1198 3540 le
1212 3482 1339 3560 mariage
1353 3497 1428 3541 arec

361 3564 496 3628 Edouard
510 3575 547 3630 1v
565 3571 642 3630 avait
658 3570 747 3631 etela
765 3591 850 3631 cause
866 3572 1010 3651 premiere
1026 3572 1062 3632 de
1081 3583 1173 3632 toutes
1188 3575 1232 3634 les
1248 3569 1428 3632 revolutions

362 3659 433 3718 dont
446 3679 484 3718 on
498 3661 579 3721 vient
592 3661 629 3722 de
642 3662 696 3722 lire
711 3663 738 3722 le
752 3665 833 3724 recit.

403 3751 432 3809 3.
457 3753 559 3809 Venire
573 3749 644 3811 dans
657 3751 685 3811 le
700 3773 754 3811 ms.

402 3843 431 3898 t.
452 3842 588 3900 L'aucien
602 3855 774 3900 annotateur
790 3841 830 3899 du
844 3861 899 3901 ms.
916 3845 994 3900 5962
1013 3861 1030 3901 a
1048 3842 1145 3918 ajout&
1163 3861 1199 3902 en
1216 3861 1316 3924 marge
1331 3865 1338 3899 ι
1356 3846 1426 3902 Cum

361 3938 494 3990 nimirum
507 3934 677 3989 meminisset
689 3941 753 4006 Jam
766 3946 854 3990 antea
869 3953 889 3988 a
901 3937 1020 3991 Francis
1036 3953 1066 3992 se
1081 3940 1152 3992 satis
1167 3937 1263 3992 leviter
1278 3947 1426 4011 exceptam

361 4041 432 4086 esse.
445 4028 478 4081 Je
491 4041 528 4081 ne
542 4022 598 4080 sais
608 4021 633 4079 si
642 4025 711 4080 c’est
723 4041 779 4082 une
793 4023 871 4104 glose
885 4044 924 4084 ou
938 4043 995 4083 une
1005 4023 1143 4084 omission
1154 4023 1190 4084 de
1199 4025 1281 4103 copie
1293 4025 1423 4104 repares.

362 4115 402 4170 Le
416 4112 466 4170 sair
479 4111 606 4170 constat&
623 4131 676 4189 par
690 4131 723 4170 ce
736 4133 856 4192 passage
870 4112 906 4172 de
921 4115 1044 4173 Thomas
1060 4115 1146 4173 Basiu
1159 4113 1232 4172 n’est
1249 4134 1300 4192 pas
1313 4113 1384 4172 dans
1397 4112 1426 4172 la

362 4200 484 4260 relation
498 4200 648 4277 lranqaise.
666 4200 690 4258 ll
702 4200 763 4259 saut
773 4200 801 4258 le
811 4199 977 4261 cousiderer
990 4223 1101 4264 comme
1115 4223 1172 4262 une
1184 4202 1220 4262 de
1232 4222 1280 4263 ces
1291 4203 1426 4263 ridiculas

362 4290 492 4349 versione
510 4288 723 4367 qu’accueillnit
741 4308 811 4350 arec
828 4306 1053 4369 cmpressenent
1067 4294 1097 4353 la
1116 4292 1256 4354 credulita
1272 4293 1323 4354 des
1340 4293 1428 4368 sujets
