3384 5184
559 374 573 407 st

358 577 415 634 106
492 636 498 645 ,
627 529 883 633 HISTORIAIlUM
903 575 1081 632 LUDOVICI
1100 575 1143 632 XI

356 708 461 780 luisse
475 709 729 800 intentionem,
751 705 1051 804 detestandosque
1070 730 1145 798 esse
1161 729 1224 778 eos
1244 713 1307 805 qui
1329 709 1414 782 tales

356 839 504 898 conatus
524 827 676 926 aggressi
695 841 794 914 sunt,
819 850 911 923 quos
933 825 1078 896 minime
1093 838 1291 924 potuerunt
1307 827 1414 925 perli-

355 967 452 1032 cere,
471 937 541 1015 ‘aut
567 941 675 1037 forte,
703 942 837 1014 malitia
864 967 928 1013 sua
953 941 1120 1035 faciente,
1147 967 1213 1015 nec
1238 944 1322 1016 satis
1347 969 1413 1017 vo-

353 1056 510 1132 lucrunt.
944 1056 954 1077 ⁸

404 1176 543 1264 Quibus
558 1177 641 1248 satis
657 1176 694 1261 in
709 1173 781 1247 hoc
797 1156 1054 1270 acquiescimus
1096 1174 1170 1246 uod
1184 1201 1279 1268 rem,
1300 1200 1409 1272 quarn

353 1289 565 1365 inchoarant
580 1290 672 1387 (esto
689 1288 788 1388 quod
806 1285 1024 1379 inconsulte,
1044 1199 1195 1374 egbona
1214 1305 1322 1388 atque
1338 1293 1410 1363 siu·

354 1425 435 1474 cera
460 1404 678 1494 intentione,
705 1401 908 1500 aliquorum
937 1416 1058 1473 tamen
1086 1417 1212 1499 agente
1239 1402 1407 1503 perfidia,

353 1521 429 1618 qui,
445 1545 522 1617 quae
535 1545 597 1592 sua
614 1535 697 1592 sunt
713 1533 909 1617 quaerentes
924 1533 960 1590 et
975 1542 1050 1606 non
1067 1519 1269 1616 reipublicae
1285 1520 1412 1594 sanita·

353 1651 423 1710 tem
441 1653 548 1738 atque
564 1639 865 1731 incolumitatem,
884 1636 1017 1709 abono
1034 1651 1070 1708 et
1086 1652 1209 1709 sancto
1226 1641 1410 1738 proposito

353 1753 505 1826 aliorum
523 1769 560 1826 et
576 1755 759 1827 consortio
776 1752 998 1844 deficientes,
1022 1767 1058 1824 et
1077 1753 1236 1846 iuvidiae,
1260 1769 1411 1852 quaestus

353 1883 459 1966 atque
473 1872 629 1944 avaritiae
641 1884 676 1942 et
687 1869 891 1942 ambitionis
904 1867 1038 1940 facibus
1052 1871 1205 1963 accensi,
1216 1869 1257 1940 in
1272 1884 1411 1969 partem

352 1988 568 2060 contrariam
578 2001 807 2059 accesserunt
825 1985 914 2058 honi
933 2001 967 2058 et
983 1987 1103 2084 justi),
1122 1987 1270 2059 minime
1285 2001 1412 2086 potue·

353 2115 439 2173 runt
458 2103 505 2174 ad
523 2102 689 2175 ellectum
709 2101 919 2201 perducere.
941 2105 1040 2190 Quos
1062 2117 1180 2177 tamen
1202 2127 1277 2174 non
1299 2127 1411 2201 prop·
1523 2108 1529 2120 '

354 2231 449 2289 terea
472 2207 622 2312 injustos
646 2217 751 2289 fuisse
777 2219 1082 2313 consenserimus,
1110 2219 1230 2317 quod,
1261 2245 1304 2292 ex
1328 2237 1412 2319 post

352 2332 444 2404 facto
462 2332 622 2404 videntes
643 2332 813 2406 fructum¹
828 2359 900 2405 suae
916 2334 1021 2406 bonae
1039 2336 1245 2407 intentionis
1262 2336 1409 2410 minime

352 2439 543 2545 consequi,
568 2471 634 2521 nec
657 2449 767 2521 totius
789 2450 956 2549 corporis·
973 2449 1176 2548 reipublicae
1199 2452 1410 2548 gravissimae

352 2565 576 2638 invalitudini
601 2567 783 2639 subveniri
811 2581 898 2638 tunc
919 2592 1043 2666 posse,
1068 2568 1177 2666 partis
1200 2567 1324 2640 saltem
1348 2570 1410 2642 ali·

290 2715 295 2723 ·
352 2683 453 2780 cujus
469 2682 629 2754 remedio
649 2697 755 2781 atque
771 2679 912 2755 utilitati
929 2697 1201 2782 prospexerunt.

400 2801 508 2887 Quod
544 2815 662 2874 autem
695 2799 892 2872 damnandi
919 2802 990 2871 sint
1023 2799 1085 2897 qui
1116 2798 1215 2874 bona
1246 2815 1282 2873 et
1314 2801 1411 2876 utilia

352 2917 607 3011 aggrediuntur
631 2917 765 3007 lacere,
794 2914 913 3012 quod,
939 2928 1066 3011 praeter
1092 2940 1219 2988 eorum
1243 2917 1410 2991 intentio·

353 3057 454 3126 nem,
480 3032 633 3132 plurima
656 3029 741 3104 inde
767 3031 860 3104 mala
887 3031 1155 3104 occasionaliter
1179 3035 1407 3132 proveniant,

353 3149 416 3246 qui
445 3149 494 3220 sic
521 3147 714 3239 dicerent’,
744 3145 1027 3245 proculdubio,
1055 3163 1096 3219 ut
1120 3164 1262 3222 sanctus
1289 3156 1410 3224 Petrus

352 3263 487 3361 inquit,
516 3263 699 3335 nationem
723 3261 946 3334 infinitorum
973 3263 1039 3335 Dei
1062 3263 1220 3338 liliorum
1237 3266 1409 3364 reproba-

353 3393 498 3468 rent,'et
513 3377 771 3456 catholicorum
785 3377 975 3451 doctorum
993 3381 1175 3452 sententiis
1188 3397 1308 3480 aperte
1322 3405 1410 3454 con-

354 3493 579 3566 tradicerent.
614 3495 702 3584 Quis
738 3495 834 3567 enim
866 3494 1111 3587 damnandos,
1150 3497 1217 3570 nisi
1257 3499 1407 3571 omnino

353 3613 581 3712 blasphemus
605 3632 641 3688 et
664 3641 811 3716 prorsus
835 3613 971 3689 alicnus
995 3641 1017 3690 a
1040 3618 1205 3708 veritate,
1233 3619 1409 3693 existima·

354 3731 442 3805 verit
457 3729 695 3805 sanctissimos
712 3732 893 3831 apostolos
910 3749 945 3806 et
961 3732 1176 3834 apostolicos
1192 3734 1307 3828 viros,
1327 3738 1407 3833 qui,

352 3846 581 3947 praedicando
608 3849 830 3946 evangelium
861 3847 992 3921 Christi
1019 3849 1194 3950 perversis
1224 3849 1407 3948 gentibus,

354 3965 391 4038 in
409 3966 458 4038 eis
478 3989 554 4036 non
573 3963 685 4037 modo
703 3965 857 4037 fructum
873 3964 1012 4038 nullum
1031 3966 1274 4042 conversionis
1289 3969 1411 4066 acqui-

394 4237 424 4292 l.
446 4239 577 4294 Fructum
592 4231 664 4293 dans
678 4233 706 4293 le
720 4253 774 4293 ms.

389 4325 419 4385 2.
443 4323 582 4382 Deberem
593 4323 665 4382 dans
679 4323 707 4382 lc
720 4341 774 4382 ms.
