3272 5182
412 549 470 608 238
685 543 940 606 utstoutauuu
962 549 1138 606 LUDOVICI
1158 549 1200 604 xl

461 679 641 752 decedens
664 679 784 776 itaque
809 679 854 750 ad
882 705 965 752 eum
989 695 1023 752 et
1042 679 1187 752 easdem
1205 677 1273 750 sibi
1296 677 1475 750 exhibens

411 795 543 868 litteras
561 810 665 893 atque
681 796 894 888 ostendens,
914 797 1109 868 sciscitatus
1130 811 1184 867 est
1203 794 1249 866 ab
1267 819 1329 888 eo,
1347 819 1397 866 an
1428 795 1475 867 ad

411 911 529 1009 ipsum
543 912 665 983 litterae
677 910 928 1008 hujuscemodi
940 914 1077 1010 scriptae
1092 925 1220 982 essent.
1240 915 1318 1008 lpse
1334 923 1473 1003 autem,

412 1028 505 1101 mala
527 1030 667 1101 sceleris
692 1031 808 1126 ipsum
825 1029 975 1101 rodente
993 1030 1227 1120 conscientia,
1248 1028 1403 1125 pavidus
1420 1028 1476 1100 ef-

410 1145 523 1216 fectus
546 1160 582 1216 et
607 1144 877 1241 quodammodo
901 1160 1167 1236 consternatus,
1193 1143 1337 1216 infitiari
1364 1145 1476 1243 coepit

411 1261 512 1360 quod
535 1259 745 1357 hujusmodi
764 1260 810 1330 ad
831 1286 868 1332 se
887 1260 1011 1334 litterae
1029 1263 1277 1358 dirigerentur.
1297 1264 1381 1347 Quo
1410 1284 1476 1332 au·

413 1377 507 1466 dito,
536 1377 654 1446 statim
680 1376 748 1446 sibi
777 1376 874 1448 idem
896 1377 1072 1450 Antonius
1097 1378 1186 1449 dixit
1212 1376 1311 1473 quod
1336 1375 1475 1474 absque

413 1491 585 1590 dilatione
596 1491 642 1562 ad
655 1491 843 1563 dominum
858 1517 899 1564 ac
916 1492 1059 1565 fratrem
1071 1519 1191 1583 suum,
1203 1493 1395 1564 dominum
1409 1491 1476 1563 du·

413 1633 491 1680 cem
501 1662 512 1698 ,
528 1631 587 1679 eas
605 1607 793 1707 perferret,
814 1608 910 1706 apud
926 1633 1034 1704 quem
1053 1634 1115 1684 seu
1134 1608 1245 1682 alium
1260 1631 1476 1706 quemcum-

413 1748 485 1821 que
505 1723 606 1794 malae
630 1725 841 1821 suspicionis
863 1724 1061 1823 periculum
1093 1726 1240 1797 minime
1267 1723 1335 1796 sibi
1358 1725 1475 1796 lacere

414 1840 535 1930 vellet3
550 1841 776 1938 perrexitque
794 1838 1034 1911 incontinenti
1050 1854 1085 1911 et
1099 1842 1176 1912 sine
1192 1865 1295 1913 mora
1310 1839 1357 1913 ad
1374 1864 1472 1928 eum,

414 1954 597 2053 dictasque
625 1954 692 2026 sibi
714 1954 848 2026 litteras
873 1956 1116 2052 praesentavit,
1141 1955 1401 2052 quomodoque
1429 1953 1474 2027 ad

416 2097 498 2143 eum
514 2070 559 2142 de
571 2095 680 2142 mauu
696 2070 817 2141 rustici
829 2071 1014 2166 cujusdam
1025 2073 1280 2170 pervenissent,
1293 2087 1329 2144 et
1339 2073 1475 2145 eisdem

416 2209 437 2256 a
453 2209 490 2256 se
508 2185 611 2256 fratri¹
621 2210 686 2256 suo
702 2185 876 2257 Balduino
895 2190 1058 2279 ostensis,
1074 2188 1243 2262 infitiatus
1258 2189 1384 2262 luisset
1400 2190 1474 2286 ipse

416 2324 475 2372 eas
492 2301 538 2372 ad
554 2326 591 2372 se
607 2302 753 2398 scriptas
772 2301 859 2391 lore,
880 2303 1123 2400 perordinem
1141 2307 1348 2378 enarravit¹.

467 2416 606 2504 Quibus
622 2417 740 2506 lectis,
760 2416 929 2490 domiuus
946 2418 1031 2512 dux,
1051 2422 1301 2518 mysteriorum
1318 2420 1391 2492 illic
1408 2419 1473 2491 ob·

419 2547 595 2604 tectorum
613 2532 850 2604 admiratione
866 2549 1062 2630 permotus,
1082 2537 1200 2608 statim
1217 2535 1387 2607 eumdem
1404 2535 1473 2605 lra-

299 2721 301 2728 ⁴
419 2643 647 2720 trem'suum
683 2648 880 2720 naturalem
912 2653 1108 2722 Antonium
1138 2652 1394 2750 interrogavit,
1431 2673 1474 2723 au

417 2766 588 2836 rusticum
614 2766 650 2835 in
680 2764 816 2862 oppido
843 2765 1002 2837 invenire
1025 2783 1161 2864 posset,
1180 2769 1265 2840 etsi
1290 2771 1476 2840 inventum

416 2894 700 2978 recognosceret.
732 2880 803 2966 Qui
830 2905 867 2952 se
893 2881 942 2952 ita
967 2881 1111 2954 credere
1137 2882 1342 2981 respondit;
1369 2895 1476 2980 atque

416 2992 656 3067 incontinenti
676 2994 721 3065 de
742 3018 785 3065 eo
805 2997 1047 3092 perquirendo
1071 3013 1107 3070 et
1129 2999 1346 3071 inveniendo
1371 3021 1475 3071 exac-

417 3122 490 3181 tam
520 3134 644 3182 curam
669 3109 848 3208 praestitit,
877 3112 927 3181 sic
953 3113 1162 3210 quodcum
1187 3140 1262 3187 non
1289 3113 1476 3186 difficulter

416 3225 570 3316 invenit,
589 3241 625 3298 et
651 3226 838 3296 inventurn
866 3224 959 3298 illico
986 3229 1029 3301 ad
1056 3230 1247 3302 dominum
1265 3231 1393 3304 ducem
1413 3227 1476 3302 ad·

416 3339 530 3412 duxit.
549 3346 575 3412 Α
593 3365 667 3438 quo
691 3341 929 3436 interrogatus
956 3345 1054 3416 unde
1074 3346 1324 3442 hujuscemodi
1345 3347 1476 3418 litteras

381 3509 385 3512 -
417 3454 614 3548 habuisset,
630 3459 816 3556 respondit
831 3483 851 3530 a
871 3461 1030 3557 quodam
1048 3463 1210 3559 homine,
1231 3490 1307 3537 uon
1324 3464 1475 3538 multum

416 3589 553 3646 remote
575 3574 620 3646 ab
638 3575 797 3674 oppido,
818 3601 876 3648 eas
895 3577 980 3670 sibi,
1002 3594 1040 3651 ut
1058 3580 1104 3652 ad
1129 3581 1317 3654 dominum
1338 3587 1473 3654 Bastar·

417 3688 506 3759 dum
523 3689 694 3783 deferret,
711 3694 815 3766 suisse
830 3693 994 3786 traditas,
1012 3697 1074 3794 qui
1091 3722 1174 3769 cum
1191 3699 1369 3770 celeritate
1386 3721 1476 3770 asse·

416 3801 516 3874 rebat
534 3830 570 3877 se
588 3805 634 3876 ad
650 3807 1062 3881 Sanctum-Odomarum
1079 3810 1212 3884 habere
1228 3837 1371 3887 necesse
1394 3837 1475 3912 pro·

417 3919 552 4013 ficisci,
588 3937 623 3994 et
660 3938 851 4023 propterea
885 3925 1082 4009 Hesdinum
1122 3944 1209 4002 tunc
1244 3931 1362 4002 venire
1404 3949 1474 4000 uon

457 4115 486 4172 l.
508 4114 588 4171 Cette
600 4110 696 4187 loyale
709 4111 844 4171 conduite
862 4110 901 4171 du
917 4112 1135 4173 Grand-bettard
1149 4114 1185 4174 de
1198 4119 1371 4195 Bourgogne
1384 4120 1476 4176 n‘em-

417 4201 508 4280 peche
519 4221 570 4281 pas
582 4205 609 4260 le
621 4201 677 4259 duc
689 4201 817 4262 d’entrer
830 4222 868 4262 en
881 4221 1012 4283 soupqon
1025 4217 1123 4262 contre
1135 4204 1187 4265 lui.
1200 4205 1374 4281 Commines,
1391 4207 1411 4265 l.
1424 4207 1475 4276 Ill,

338 4295 345 4313 ⁶
417 4311 492 4352 uu.
