3282 5168
271 429 275 444 „
347 488 405 546 an
535 453 574 497 ‘³
617 480 874 552 msronnamr
894 425 1138 542 rnnovrurir

347 618 436 692 dum
457 642 524 690 suo
548 615 722 715 genitori,
741 613 934 689 adventare
950 615 1168 714 properavit.
1190 619 1308 704 Quem
1324 639 1408 687 cum

348 761 423 809 non
455 734 579 835 procul
609 733 732 808 abesse
762 731 1020 831 persensissent
1046 731 1169 804 duces,
1188 735 1409 805 Francorum

346 853 540 942 exercitus,
560 852 623 949 qui
636 851 757 942 etiam,
768 835 815 921 ¹ut
833 848 1000 940 diximus,
1020 863 1098 921 turn
1114 848 1209 922 bello
1227 848 1273 922 ab
1287 849 1408 922 obses·

347 970 418 1061 sis,
439 982 516 1040 turn
535 993 577 1040 ex
594 964 821 1040 inclementia
841 961 944 1057 coeli,
964 979 1041 1036 turn
1063 967 1171 1038 etiam
1194 991 1236 1038 ex
1258 966 1409 1064 penuria

347 1109 501 1157 annonae
526 1097 561 1155 et
588 1081 795 1154 victualium
821 1079 1029 1178 exiguitate,
1062 1081 1175 1152 multa
1196 1080 1410 1153 detrimenta

347 1214 558 1300 acceperant
579 1211 614 1270 et
635 1197 830 1298 plurimum
851 1196 1024 1268 attenuati
1042 1209 1078 1267 et
1098 1195 1267 1269 diminuti
1292 1211 1406 1283 erant,

338 1339 422 1388 -non
451 1328 653 1414 exspectato
679 1311 765 1385 dicti
792 1312 964 1412 principis
995 1335 1212 1410 congressu,
1241 1338 1261 1384 e
1287 1313 1410 1385 castris

345 1445 533 1504 moventes
560 1445 596 1502 et
624 1430 662 1500 in
691 1429 877 1501 Franciam
911 1443 1148 1520 revertentes,
1181 1426 1408 1502 obsidionem

347 1546 530 1619 solverunt
558 1547 596 1617 in
625 1545 684 1618 die
712 1545 905 1617 nativitatis
934 1542 1030 1616 beati
1056 1545 1206 1616 loannis
1232 1546 1405 1644 Baptistae.

347 1662 456 1756 Quod
479 1677 517 1734 ut
535 1663 644 1734 tutius
662 1676 697 1734 et
712 1661 872 1733 securius
897 1660 1075 1753 facerent,
1094 1674 1293 1734 metuentes
1307 1686 1353 1732 ne
1371 1662 1407 1733 in

347 1803 410 1852 eos
428 1779 549 1850 hostes
566 1803 587 1850 a
604 1792 705 1874 tergo
724 1778 923 1868 irruerent,
944 1776 1106 1849 seruntur
1121 1801 1189 1876 pro
1206 1801 1332 1850 securo
1356 1801 1410 1850 re·

347 1920 448 1968 cessu
476 1893 639 1967 inducias
664 1894 786 1990 viginti
807 1907 964 1990 quatuor
988 1893 1161 1968 horarum
1184 1916 1305 1992 aroge
1324 1899 1410 1966 Ara·

349 2034 485 2110 gonum
500 2010 639 2109 petiisse
653 2022 739 2080 tunc
755 2022 790 2081 et
806 2009 981 2108 accepisse
994 2011 1015 2080 ¹.

397 2130 450 2197 lta
474 2125 538 2196 luit
559 2149 619 2196 rex
638 2122 696 2195 ille
713 2139 902 2197 veteranus
920 2129 1123 2222 Aragonum
1141 2125 1325 2221 octoginta
1343 2149 1412 2197 an-

349 2254 532 2313 nos‘natus
545 2253 580 2312 et
597 2240 768 2338 amplius,
784 2264 868 2311 curn
882 2239 972 2312 illud
989 2241 1126 2339 insigne
1141 2241 1317 2342 oppidum
1331 2245 1413 2314 Per·

348 2356 535 2455 pinianum
563 2355 730 2455 periculis
748 2369 855 2451 atque
883 2356 1053 2452 angustiis
1080 2355 1183 2427 diotre
1211 2355 1413 2430 obsidionis

349 2471 594 2553 absolveretur
622 2486 658 2545 et
682 2470 905 2543 liberaretur.
936 2475 1196 2544 Remanserunt
1224 2486 1344 2545 tamen
1373 2473 1410 2545 in

348 2612 429 2662 arce
444 2588 605 2686 ejusdem
629 2588 774 2687 oppidi,
798 2611 905 2684 quam
929 2588 1206 2662 munitissimam
1220 2590 1347 2662 Franci
1361 2589 1412 2662 ef-

348 2706 518 2800 fecerant,
538 2706 630 2803 regis
648 2709 869 2776 Francorum
884 2704 1048 2808 praesidia
1067 2705 1255 2778 nonnulla.
1277 2709 1413 2779 Contra

348 2847 456 2921 quarn
467 2845 608 2914 arcem,
622 2819 663 2892 in
679 2845 745 2896 suo
763 2819 920 2919 oppido,
940 2822 1011 2893 tale
1032 2820 1167 2893 vallum
1186 2845 1271 2892 cum
1292 2821 1411 2893 muni·

351 2939 480 3010 mentis
510 2950 546 3010 et
572 2935 852 3037 propugnaculis
880 2937 1095 3035 opportunis
1128 2937 1224 3009 cives
1249 2932 1320 3009 loci
1351 2961 1412 3009 ex·

349 3067 561 3147 struxerant,
584 3067 624 3124 ut
639 3076 676 3125 se
694 3067 791 3126 tutos
811 3051 982 3125 adversus
1005 3053 1116 3151 ipsius
1134 3053 1226 3125 arcis
1240 3052 1412 3124 munitio·

349 3193 433 3242 nem
455 3169 510 3241 vel
538 3168 670 3243 auxilia
695 3191 774 3265 quae
802 3170 851 3241 eis
879 3167 1112 3267 supervenire
1136 3182 1308 3268 possent,
1336 3193 1412 3240 non

349 3285 469 3357 minus
486 3285 638 3380 quamsi
655 3308 716 3356 arx
735 3283 784 3356 ibi
799 3284 898 3358 nulla
916 3300 1027 3379 esset,-
1045 3284 1303 3357 arbitrarentur
1313 3288 1335 3356 ².

399 3395 635 3472 Postmodum
647 3391 756 3487 reru,
775 3425 859 3474 curn
874 3402 968 3474 ultro
985 3402 1148 3499 citroque
1163 3401 1330 3473 nonnulli
1346 3425 1412 3473 no·

390 3680 421 3738 l.
443 3679 495 3737 Cet
515 3677 659 3738 armistice
682 3680 727 3738 fut
749 3677 851 3738 conclu
873 3691 955 3739 entre
977 3679 1111 3762 Philippa
1130 3680 1166 3742 de
1183 3683 1333 3748 Savoieet
1356 3682 1415 3741 don

349 3767 474 3826 Antoine
489 3765 525 3826 de
540 3766 663 3844 Prades,
682 3769 808 3850 agissant
823 3787 861 3827 au
880 3787 949 3827 nom
973 3768 1013 3828 du
1032 3772 1076 3830 roi
1095 3777 1187 3848 Juan3
1203 3773 1275 3833 mais
1297 3771 1416 3834 l’armee

348 3855 489 3934 franceise
502 3857 646 3937 nequitta
664 3878 715 3938 pas
734 3859 761 3918 le
781 3857 958 3918 Roussillon.
982 3859 1044 3920 Elle
1066 3882 1211 3942 guerroya
1227 3873 1327 3922 contre
1344 3862 1416 3922 l’ar-

350 3945 413 4004 mee
428 3948 598 4026 aragonaise
611 3945 662 4025 qui
676 3947 769 4008 s’etait
785 3946 896 4006 divise'e
915 3959 944 4006 et
958 3951 1091 4029 occupait
1110 3950 1153 4010 les
1167 3953 1263 4032 places
1281 3952 1416 4011 situe'esa

349 4032 471 4095 l’entrde
486 4036 565 4096 dela
580 4049 748 4117 montagne‚
765 4056 878 4097 comme
891 4040 994 4118 Bages,
1005 4040 1108 4116 Palau,
1123 4042 1234 4102 Ortalla
1246 4039 1414 4122 etArgelcs.
1511 4039 1514 4044 ’

351 4125 484 4185 Relation
502 4126 599 4187 d’Ant.
615 4131 731 4200 Passot‚
747 4127 768 4185 l.
784 4147 810 4186 c.

386 4215 416 4272 2.
443 4219 534 4274 Nulla
548 4237 607 4276 esse
619 4215 817 4290 arbitraretur,
832 4214 904 4292 dans
917 4216 945 4276 le
959 4236 1013 4276 ms.
