3014 5010
288 430 346 486 tas
568 430 824 487 mslonlanuu
846 428 1022 485 LUDOVlCl
1043 430 1086 485 Xl

286 561 412 662 oppidi
438 561 668 649 Pontisarae¹,
690 560 735 632 ab
753 559 931 656 aliquibus
953 583 997 631 ex
1022 559 1246 659 principibus
1272 589 1361 663 per·

287 700 428 767 suasus,
448 676 492 748 ad
515 701 642 747 eorum
667 676 838 747 deficiens
865 690 999 772 partes,
1030 676 1207 774 oppidum
1233 678 1360 776 ipsum

287 792 337 864 eis
351 792 609 864 contraderet².
630 795 712 880 Quo
729 792 858 863 nuutiu
873 818 932 863 rex
946 805 1095 889 accepto
1109 793 1212 867 valde
1223 794 1356 869 dolens

288 922 324 979 et
340 922 487 980 moestus
503 908 650 979 ellectus
662 922 732 998 est,
750 906 904 1003 eoquod
923 906 1135 979 adversariis
1144 911 1218 982 suis
1232 925 1359 983 trans·

286 1022 355 1094 itus
372 1038 517 1121 apertus
535 1024 643 1102 soret,
665 1049 729 1121 per
749 1049 878 1120 quem,
905 1025 1108 1096 transmissa
1125 1029 1237 1119 lsara,
1263 1031 1358 1099 Nor·

287 1144 472 1216 manniam
500 1141 643 1239 aggredi
677 1155 842 1240 possent,
877 1141 1186 1238 quemadmodum
1216 1161 1252 1217 et
1278 1170 1357 1218 nou

289 1262 403 1331 multo
421 1274 503 1357 post
516 1259 747 1332 subsecutum
765 1260 841 1330 luit.

339 1381 421 1447 Erat
439 1376 651 1472 llotlromagi
669 1401 758 1447 uxor
778 1375 919 1447 domiui
941 1377 1034 1448 Petri
1057 1377 1103 1449 de
1123 1383 1268 1471 Bresi³,
1290 1380 1358 1453 lra-

289 1493 377 1566 beus
395 1495 432 1565 iu
450 1520 559 1566 mauu
583 1519 646 1567 sua
668 1493 870 1566 custodiam
888 1493 979 1566 arcis
1001 1493 1162 1589 ejusdem
1182 1497 1353 1587 civitatis,

287 1636 366 1707 qure
393 1612 629 1684 munitissima
656 1611 809 1702 exsistit,
833 1610 935 1706 cujus
961 1611 1111 1683 maritus
1137 1613 1355 1709 praedictus,

287 1727 368 1800 licet
381 1729 426 1800 de
438 1729 610 1801 comitatu
628 1729 721 1823 regis
734 1742 769 1798 et
783 1727 828 1798 de
846 1728 956 1825 ipsius
966 1728 1129 1826 partibus
1142 1744 1249 1814 esset,
1264 1731 1355 1803 dum

287 1846 448 1944 praelium
475 1846 608 1915 luctum
643 1857 694 1914 est
721 1841 766 1915 ad
802 1845 1135 1933 Montemllericii,
1166 1860 1289 1916 tamen
1316 1847 1355 1918 in

287 1960 467 2059 purludiis
482 1959 672 2031 condictus
685 1983 707 2029 a
718 1956 892 2030 militibus
906 1960 1008 2056 regiis
1021 1961 1256 2059 interemptus
1269 1960 1353 2032 suit:

288 2078 389 2175 quod
412 2103 488 2148 nou
509 2077 586 2147 sine
601 2075 703 2170 jussu
724 2089 760 2146 et
785 2076 932 2146 scientia
959 2076 1051 2173 regis
1072 2090 1252 2173 patratum
1277 2078 1356 2175 ipsa

288 2217 351 2265 sua
366 2194 497 2289 conjnx
517 2193 707 2289 pluresque
723 2190 784 2263 alii
806 2191 910 2263 luisse
937 2191 1144 2264 credebaut.
1167 2199 1355 2268 lamenta-

288 2307 407 2380 biliter
424 2309 543 2404 itaque
565 2321 665 2378 tauto
691 2306 856 2379 orbatam
880 2309 1009 2380 marito
1036 2333 1073 2379 se
1099 2309 1227 2382 videus
1245 2325 1355 2407 atque

289 2423 595 2495 irremediabiliter
608 2448 755 2520 gemeus
773 2438 809 2494 et
822 2421 967 2514 dolens,
984 2424 1153 2520 cogitavit
1166 2427 1355 2521 quomodo

288 2542 395 2614 talem
423 2543 588 2638 injuriam
614 2541 734 2613 ulcisci
752 2557 884 2638 posset.
911 2546 995 2613 Erat
1017 2557 1052 2616 et
1071 2544 1107 2614 in
1124 2543 1252 2615 eadem
1268 2560 1356 2618 tuuc

290 2620 614 2747 urbeludovicus‚
629 2657 799 2730 naturalis
812 2657 905 2730 silius
918 2659 1059 2731 comitis
1070 2659 1117 2731 de
1127 2659 1320 2733 Alba-Mala
1328 2665 1353 2755 ⁸,

289 2777 479 2876 episcopus
497 2776 715 2870 Bajocensis‚
741 2773 857 2845 dictus
875 2776 1076 2871 patriarcba
1092 2775 1356 2874 Hierosolymi-

289 2907 405 2966 tanus.
427 2898 458 2963 ls
482 2918 566 2964 cnm
585 2891 765 2989 praelatam
783 2890 970 2963 dominam
991 2893 1139 2991 ejusque
1163 2895 1352 2985 maritum,

288 3035 372 3081 cum
391 3011 542 3093 vireret,
560 3008 755 3105 plurimum
772 3006 952 3103 diligeret,
970 3010 1024 3080 rel
1038 3010 1189 3083 modum
1204 3011 1353 3101 invenit,

288 3125 344 3195 vel
371 3124 517 3194 auctrici
545 3148 607 3193 seu
640 3123 825 3194 inventrici
852 3123 1008 3195 dominae
1026 3126 1201 3223 praedictae
1226 3152 1355 3199 assen-
1389 3192 1414 3231 Ι.

181 3296 188 3309 .
289 3264 369 3310 sum
391 3238 557 3335 praebuit,
574 3237 761 3334 quomodo
781 3237 867 3309 urbs
886 3239 962 3337 ipsa
979 3240 1278 3340 Rotlromagensis
1291 3242 1356 3312 de-

291 3353 409 3426 iiceret
424 3370 458 3426 et
474 3354 520 3426 ad
535 3370 672 3454 partem
684 3355 888 3454 principum
904 3355 1159 3430 soederatoruru
1175 3360 1351 3430 transiret.

331 3555 361 3608 l.
382 3552 482 3611 C‘etait
498 3573 538 3609 un
552 3552 695 3631 capitaine
710 3552 813 3631 appele
828 3552 916 3611 Luuis
927 3549 1056 3610 Sorbier.
1071 3550 1182 3614 Chrun.
1199 3552 1299 3611 soend.

330 3642 360 3698 2.
383 3645 423 3698 Le
438 3645 471 3698 21
490 3640 666 3718 septembre.

334 3734 362 3788 3.
385 3735 495 3788 leanne
509 3730 548 3786 du
562 3729 772 3808 Ber-crespin.
798 3732 814 3785 :l
836 3730 886 3806 qui
905 3733 934 3787 le
952 3729 1013 3799 roi,
1033 3729 1094 3787 lors
1113 3730 1150 3788 de
1169 3750 1222 3789 son
1240 3730 1357 3790 dernier

291 3841 401 3900 voyage
417 3825 433 3877 a
447 3825 566 3892 llouen,
583 3821 660 3878 arait
673 3820 766 3877 conlie
780 3818 808 3876 la
826 3820 916 3899 garde
936 3818 977 3877 du
991 3820 1124 3878 chlteau.
1138 3823 1193 3878 Les
1207 3821 1305 3879 lettres
1320 3821 1357 3879 de

290 3914 376 3992 grdoe
389 3911 441 3988 qui
455 3911 495 3968 lui
512 3911 607 3967 iurent
620 3909 775 3968 acconlees
788 3931 864 3989 pour
874 3931 906 3970 sa
918 3910 1048 3970 trahison
1061 3923 1111 3970 ont
1125 3912 1171 3969 ete
1187 3912 1356 3990 imprimens

291 4022 344 4082 par
357 4001 476 4080 Lcnglet
491 4000 667 4076 Dul'resuuy,
683 4004 858 4072 commines,
874 4015 894 4058 t.
912 4005 953 4074 ll,
969 4022 999 4080 p.
1016 4005 1085 4060 566.
1263 4054 1267 4061 .

330 4100 359 4151 l.
383 4094 468 4150 Luuis
485 4092 521 4150 de
542 4096 702 4162 llarcuum
717 4094 829 4169 ereque
850 4092 887 4149 de
901 4097 1019 4170 Bayeux
1034 4104 1062 4150 et
1078 4091 1241 4171 patriarche
1254 4091 1291 4149 de
1304 4092 1355 4150 Je-

291 4184 432 4255 rusalem,
449 4183 492 4240 fils
507 4182 620 4242 naturel
634 4182 674 4240 du
691 4180 740 4241 seu
753 4196 848 4242 comte
861 4181 1026 4242 d’Aumale.

1069 4394 1091 4429 0
