3282 5168
591 557 701 614 nram
729 557 913 629 cunnus
1047 574 1053 586 ·
1214 559 1282 638 ¹sta

223 705 313 775 nes,
329 687 453 784 etipse
474 685 772 782 Burgundionum
789 685 862 758 dux
883 688 920 759 in
940 688 1064 760 castris
1086 703 1168 762 ante
1187 693 1280 762 Nus-

223 803 312 874 siam
321 803 466 898 jaceret,
481 802 696 874 Suitensium
707 804 846 900 populi,
860 829 946 877 cum
955 805 1279 902 Argentinensium,

223 917 467 990 Basilieosium
488 931 523 988 et
544 918 803 990 Ferretensium
829 919 964 1018 copiis,
985 919 1073 993 fines
1092 921 1281 993 Vesontio·

222 1059 310 1106 num
323 1039 344 1105 ¹.
365 1032 505 1121 Quibus
527 1059 611 1105 cum
630 1035 864 1107 resistentiam
881 1035 968 1108 dare
984 1051 1019 1108 et
1039 1039 1172 1136 patrios
1193 1036 1282 1110 fines

222 1163 348 1222 contra
372 1174 434 1222 eos
458 1149 565 1222 tutari
592 1164 698 1247 atque
727 1151 920 1226 defendere
952 1152 1078 1225 milites
1110 1153 1180 1226 illic
1204 1178 1281 1256 ⁸pro

223 1263 390 1363 pracsidio
410 1265 488 1358 siti,
504 1289 587 1336 cum
606 1291 798 1340 numerosa
815 1292 858 1339 ex
881 1269 974 1364 agris
990 1266 1140 1342 collecta
1161 1269 1282 1342 multi·

224 1380 348 1452 tudine
375 1396 612 1473 conarentur,
639 1382 760 1480 plures
788 1407 831 1454 ex
856 1383 940 1481 ipsis
966 1383 1117 1482 plebeiis
1142 1385 1219 1456 caesi
1247 1401 1283 1458 et

223 1497 399 1572 vulnerati
415 1499 580 1588 suerunt,
599 1498 676 1571 aliis
693 1498 761 1570 sibi
779 1498 979 1597 perfugam
997 1501 1279 1576 consulentibus.

224 1615 495 1712 intuleruntque
525 1613 700 1689 incendiis
724 1630 759 1689 et
786 1615 942 1689 oedibus
969 1617 1102 1691 damna
1128 1619 1283 1718 plurima

224 1730 473 1829 hujuscemodi
494 1732 681 1807 Alemanni
706 1731 913 1831 praedasque
935 1756 1011 1804 non
1033 1757 1161 1832 parvas
1182 1733 1284 1806 fece-

225 1862 321 1938 runt,
338 1848 399 1921 illa
414 1864 522 1947 atque
544 1850 652 1922 etiam
669 1849 798 1920 iterum
814 1849 924 1921 altera
938 1848 1035 1942 vice,
1047 1849 1093 1920 ·in
1110 1850 1283 1921 comitatu
1411 1942 1415 1953 ἱ

225 1964 466 2062 Burgundiae’.
495 1970 548 2039 tta
569 1965 670 2065 quod
697 1988 827 2063 magna
852 1965 1015 2064 prosecto
1041 1964 1228 2037 infelicitas
1249 1977 1284 2036 et

224 2082 394 2178 angustiae
412 2081 532 2155 multoe
552 2096 629 2155 tum
655 2083 954 2179 Burgundionum
971 2081 1121 2172 ducem,
1148 2097 1284 2155 terras-

225 2221 294 2295 que
311 2213 346 2270 et
362 2198 526 2272 subditos
541 2224 624 2271 suos
643 2198 852 2272 atterebant.

274 2319 318 2386 Et
341 2314 440 2415 quod
463 2340 538 2387 non
564 2341 693 2413 parum
714 2314 953 2389 calamitatem
969 2315 1192 2413 adaugebat,
1217 2341 1284 2390 neo

225 2425 414 2516 nuntium,
441 2451 509 2498 nec
529 2425 696 2526 epistolas
710 2419 724 2516 ,'
748 2449 792 2500 eo
812 2424 912 2523 quod
937 2424 1055 2498 aditus
1085 2451 1211 2498 omnes
1238 2427 1285 2500 ad

226 2541 418 2640 petendam
432 2543 674 2646 burgundiam
690 2542 736 2614 ab
747 2541 911 2616 hostibus
925 2540 1059 2615 obsessi
1078 2557 1113 2614 et
1131 2540 1284 2617 obserati

225 2676 474 2751 servarentur,
506 2676 547 2735 ut
575 2662 629 2735 vel
659 2662 799 2732 animos
828 2685 977 2734 suorum
1007 2657 1221 2733 confirmare
1250 2674 1286 2732 et

225 2776 418 2867 consolari,
434 2780 487 2851 vel
501 2776 773 2877 opportuna'eis
789 2776 938 2848 consilia
954 2774 1184 2848 autsubsidia
1200 2799 1287 2874 prae·

226 2888 311 2963 bere
332 2904 475 2989 posset,
502 2915 570 2962 nec
597 2890 657 2961 illo
679 2889 842 2976 mittere,
866 2912 933 2960 nec
949 2889 1027 2961 rice
1049 2911 1148 2960 versa
1173 2888 1284 2976 inde,

225 3009 292 3080 nisi
313 3032 396 3080 cum
415 3008 578 3080 maximis
599 3005 765 3106 periculis
783 3018 819 3076 et
834 3002 1128 3096 difficultatibus,
1146 3015 1288 3103 poterat

226 3125 399 3223 accipere.
428 3125 500 3213 Qni
530 3123 626 3195 enim
659 3119 883 3221 deprehendi
908 3133 1095 3218 poterant,
1128 3143 1190 3191 seu
1225 3118 1287 3192 illo

226 3253 375 3319 euntes,
395 3263 456 3310 scu
477 3238 562 3311 inde
579 3252 819 3325 revertentes,
843 3235 978 3333 absque
998 3235 1070 3322 ulla
1087 3235 1288 3308 misericor·

227 3353 297 3426 dia
323 3353 543 3426 necabantur
578 3356 625 3424 ab
656 3352 834 3426 hostibus.
864 3350 1042 3424 Deficiens
1067 3352 1205 3454 quippe
1239 3353 1287 3428 ab

226 3471 302 3566 ejus
324 3469 478 3542 amicitia
504 3468 731 3566 Lotharingia
752 3493 836 3542 cum
855 3492 921 3540 suo
944 3466 1060 3556 duce,
1084 3491 1162 3566 quae
1178 3469 1289 3569 paulo

227 3603 310 3659 ante
332 3601 367 3660 et
387 3589 499 3660 amica
522 3600 557 3658 et
578 3585 701 3684 pervia
724 3587 796 3658 suis
823 3584 933 3657 libere
954 3586 1147 3677 exstiterat,
1165 3587 1203 3659 in
1222 3587 1289 3662 has

227 3729 312 3778 eum
327 3719 435 3802 atque
449 3727 533 3775 suos
549 3699 788 3774 detrudebant
803 3702 995 3798 angustias,
1009 3717 1194 3800 terrasque
1207 3727 1288 3776 suas

271 3949 299 4009 l.
322 3951 362 4006 Le
376 3944 490 4004 diocese
506 3942 543 4001 de
558 3947 717 4020 Besancon.

268 4035 299 4092 2.
322 4038 416 4112 Ayant
442 4034 607 4092 commence
628 4053 681 4112 par
704 4033 829 4112 prendre
853 4031 987 4092 Blamont
1014 4051 1072 4107 aux
1094 4030 1232 4090 environs
1254 4030 1292 4090 de

228 4121 443 4200 Montbelliard,
459 4123 494 4181 ils
507 4123 705 4182 s’avancdrcnt
713 4121 829 4200 jusqu’a
842 4121 996 4180 hericourt
1008 4118 1208 4194 (attjourd’hui
1219 4118 1292 4180 dans

229 4215 494 4278 l'arrondissement
508 4215 544 4275 de
561 4217 693 4292 Vesoul),
708 4219 746 4275 ob
760 4215 796 4274 ils
809 4213 945 4275 battirent
959 4214 987 4275 la
1002 4213 1137 4273 noblesse
1153 4217 1193 4272 du
1208 4229 1290 4292 pays.

230 4307 406 4382 Commines,
420 4307 440 4369 1.
454 4311 505 4380 tv,
520 4327 547 4368 c.
563 4328 596 4366 rr.
1174 4314 1175 4320 ’
