3322 5172
517 577 527 598 ⁴
553 565 671 623 INDEX
685 561 956 624 eleimonem.
1231 567 1284 623 131

266 747 316 802 di·
333 767 382 822 per
394 750 494 823 legator
506 747 603 804 auxilia
614 749 774 822 postulavit;
790 764 816 806 et
829 751 863 806 dc
878 763 982 825 egressu
995 750 1072 806 ducis
1082 707 1290 808 Nomen-”⁰¹⁸

264 839 340 894 uiue
353 841 523 914 llothomago
535 854 624 896 verena
636 839 844 908 llouueflutum,
856 841 929 896 unde
940 842 968 897 iu
981 841 1146 897 Britanniam
1158 860 1219 896 cum

264 929 333 986 duce
345 923 487 987 Britannice
498 929 619 986 transivit
622 967 1215 988 ..................................
1240 931 1290 984 teu

229 1070 389 1128 Qmunurx
404 1093 449 1130 xv.
469 1073 556 1126 —De
572 1072 707 1125 immensis
719 1073 909 1128 calamitatibus
924 1093 989 1148 quaa
1002 1093 1080 1147 parea
1094 1085 1132 1127 eat
1142 1073 1216 1128 Nor-

265 1162 387 1230 mannia,
399 1175 453 1216 tam
465 1179 481 1217 a
492 1179 553 1233 rege
565 1179 670 1234 quama
681 1160 734 1216 iuir
744 1162 871 1217 militibus
884 1177 910 1218 et
922 1176 1000 1236 gente
1012 1163 1176 1218 Britonum..
1187 1199 1212 1215 ..
1237 1160 1288 1214 tex

230 1305 389 1360 emmau
407 1323 461 1360 xvt.
482 1334 518 1346 -
535 1307 575 1358 De
594 1301 764 1374 expeditione
783 1302 858 1357 ducis
879 1303 1103 1378 Burgundionum
1127 1315 1221 1358 eontra

264 1394 410 1450 Dinantum
417 1417 425 1464 ;
437 1409 463 1449 et
476 1393 510 1449 de
526 1391 693 1448 simulatione
702 1391 771 1464 regia
783 1393 961 1464 Francorum,
975 1393 1098 1467 fingentis
1112 1412 1140 1447 ae
1153 1394 1220 1449 velle

265 1481 329 1538 darc
346 1484 379 1538 in
398 1483 598 1540 matrimonium
614 1480 706 1536 comiti
720 1479 754 1534 de
770 1482 896 1538 chameis
912 1485 995 1538 liliam
1009 1503 1098 1553 euam;
1109 1484 1171 1556 qni,
1184 1484 1220 1536 ob

266 1593 324 1630 eam
338 1576 495 1631 affinitatem
515 1570 709 1645 copulandam,
728 1571 885 1644 legationem
905 1574 1051 1628 solemnem
1073 1573 1107 1628 ad
1132 1592 1221 1646 regem

265 1663 419 1719 destinarit.
436 1698 1216 1719 ............................................
1240 1663 1292 1716 teo

178 1793 180 1798 ’
230 1802 389 1857 Qemuunrr
399 1804 558 1859 xm.-De
568 1801 691 1857 reditnet
701 1802 870 1876 expeditione
878 1801 1223 1876 predictorumlegatorum

265 1891 409 1946 etDinauti
421 1890 527 1947 excidio
531 1930 1216 1951 .......................................
1241 1891 1292 1946 169

230 2032 388 2088 Carmmou
397 2051 472 2089 xum.
488 2065 526 2078 -
535 2035 575 2090 De
585 2034 679 2090 iterato
691 2047 788 2089 conatu
802 2034 988 2090 Leodiensium
1000 2047 1027 2089 et
1037 2053 1103 2108 pace
1120 2031 1158 2089 eie
1172 2032 1222 2087 ite·

266 2140 326 2176 rum
338 2120 585 2198 data,aceeptieah
598 2124 636 2180 eir
646 2124 784 2180 obsidibus
787 2161 1219 2182 .........................
1242 2122 1293 2176 173

231 2268 391 2324 Cnmnnuu
405 2288 462 2325 xrx.
474 2301 510 2313 -
521 2269 666 2337 Quomodo
680 2270 844 2324 Francorum
856 2287 903 2322 rex
918 2267 1042 2323 comitem
1056 2266 1090 2322 de
1104 2265 1222 2323 Warviclr

266 2359 339 2432 apud
350 2359 548 2433 Rothomagum
559 2359 708 2424 accersirit3
721 2361 797 2431 cujue
806 2358 967 2428 interventu,
981 2377 1031 2431 per
1042 2359 1141 2430 legator
1153 2374 1222 2428 quoe

267 2465 357 2505 secum
373 2449 401 2503 iu
420 2450 545 2524 Angliem
557 2450 640 2516 misit,
655 2447 739 2503 lmdur
756 2466 818 2502 cum
833 2449 981 2520 Anglorum
999 2465 1061 2520 rege
1078 2446 1155 2519 petiit
1172 2462 1222 2499 nec

266 2537 381 2592 obtinuit
382 2577 675 2596 .................
675 2595 677 2600 ,
686 2575 1216 2594 ..............................
1241 2537 1252 2587 1
1259 2535 1292 2586 tt

230 2683 390 2738 fflmmorr
400 2701 446 2740 xx.
460 2711 494 2726 ·-
505 2685 545 2737 De
554 2682 654 2738 ludere
666 2683 791 2756 copulato
803 2681 873 2735 inter
883 2677 1054 2748 Edoardum,
1066 2699 1156 2753 regem
1168 2682 1224 2734 An·

265 2773 384 2845 glorum,
399 2785 425 2826 et
436 2773 578 2842 Gerulum,
590 2772 686 2827 ducem
699 2769 866 2844 Burgundio,
879 2770 926 2842 qui
937 2769 1056 2843 ejusdem
1069 2771 1138 2844 regin
1149 2789 1223 2825 roro-

265 2879 322 2916 rem
337 2863 367 2916 in
383 2863 523 2935 conjugem
536 2861 654 2935 accepit3
666 2860 736 2916 etde
749 2860 912 2916 solemnitate
925 2861 1050 2934 nuptialia
1065 2860 1221 2917 festivitatis.
1243 2859 1294 2913 tet

231 3015 389 3070 fflmmnrt
399 3033 455 3072 xxr.
464 3043 500 3058 -
508 3011 654 3082 Quomodo
664 3012 759 3067 milites
769 3031 801 3066 cx
812 3012 972 3080 Britonibux,
985 3030 1033 3085 per
1041 3030 1130 3085 regem
1143 3010 1224 3066 locati

266 3100 302 3156 ad
317 3103 462 3158 custodium
481 3100 644 3176 oppidorum
660 3099 793 3155 inferioris
813 3100 1001 3167 Normauuiu,
1019 3100 1223 3154 interverterunt

268 3193 458 3261 porrectionem
467 3191 641 3266 oppidorum,
651 3210 680 3244 ea
691 3189 780 3245 Fratris
787 3189 828 3244 rui
838 3187 947 3244 nomine
956 3201 1044 3243 tenere
1052 3207 1081 3242 ec
1091 3187 1222 3243 dicenter:
1253 3251 1261 3264 ,

268 3289 295 3331 et
305 3277 339 3332 de
349 3297 442 3334 eorum
452 3283 621 3355 expulsione3
634 3295 711 3354 atque
724 3279 758 3336 de
767 3279 864 3335 fodere
875 3298 999 3354 percurro
1011 3277 1083 3352 apud
1092 3280 1222 3334 Peronam

267 3367 336 3424 iuter
345 3388 434 3442 regem
445 3383 471 3424 et
483 3367 579 3424 ducem
592 3370 755 3444 Burgundio
758 3407 1217 3428 ..........................
1244 3368 1295 3422 185

232 3513 391 3568 comnia
407 3531 473 3566 mr.
485 3543 521 3555 -
533 3513 573 3566 De
586 3513 681 3566 iterato
692 3514 808 3567 tumultu
825 3513 1013 3569 Leudieuaium
1026 3526 1051 3568 et
1067 3511 1170 3586 origine
1180 3523 1225 3566 to-

267 3603 384 3657 tiuaeue
394 3601 559 3673 rebellionis,
572 3599 763 3658 eteorumdem
773 3601 856 3656 nimia
868 3603 1035 3658 contumacia
1038 3641 1221 3658 ...........
1244 3603 1292 3656 191

232 3745 389 3800 Cremna
400 3763 474 3802 xxm.
485 3775 521 3787 -
532 3745 571 3798 De
582 3743 677 3799 iterato
688 3715 874 3798 leodiensium
886 3745 1015 3815 tumultu,
1027 3747 1074 3817 qui
1086 3758 1111 3800 et
1124 3745 1226 3818 epieco-

267 3853 333 3907 pum
344 3854 423 3889 suum
439 3834 554 3907 Tungris
566 3847 706 3906 ceperunt;
719 3830 790 3886 etde
802 3832 941 3888 obridione
956 3831 1056 3888 leodii*
1067 3853 1116 3907 per
1130 3831 1226 3886 ducem

269 3924 443 3999 Burgundio,
460 3925 614 3980 comitatum
625 3923 765 3998 presentia
775 3923 844 3997 regia
857 3925 1023 3980 Francorum
1029 3962 1220 3980 ...........
1244 3927 1295 3980 lut

231 4074 392 4131 Gammurr
402 4091 475 4130 xxxv.
488 4105 525 4118 -
534 4074 574 4129 De
588 4073 782 4148 expugnatione
798 4087 876 4147 atque
891 4074 1019 4131 inccndio
1032 4074 1143 4130 civitatis
1154 4075 1223 4130 leo·

270 4165 368 4221 dieruie
371 4201 1219 4222 ................................................
1244 4165 1297 4220 201

232 4318 394 4374 Crem-neure
409 4335 471 4373 xxv.
481 4317 670 4384 -Quomodo
682 4336 739 4382 rex,
748 4335 779 4370 ex
792 4315 894 4371 leodio
907 4335 1027 4374 revertur
1038 4316 1067 4369 iu
1074 4317 1224 4386 Franciam,
