<?xml version="1.0" encoding="UTF-8"?>
<!DOCTYPE html PUBLIC "-//W3C//DTD XHTML 1.0 Transitional//EN"
    "http://www.w3.org/TR/xhtml1/DTD/xhtml1-transitional.dtd">
<html xmlns="http://www.w3.org/1999/xhtml" xml:lang="en" lang="en">
 <head>
  <title>
</title>
<meta http-equiv="Content-Type" content="text/html;charset=utf-8" />
  <meta name='ocr-system' content='tesseract 3.04.00' />
  <meta name='ocr-capabilities' content='ocr_page ocr_carea ocr_par ocr_line ocrx_word'/>
</head>
<body>
  <div class='ocr_page' id='page_1' title='image "./histoiredesrgne02amelgoog_0393.png"; bbox 0 0 3272 5182; ppageno 0'>
   <div class='ocr_carea' id='block_1_1' title="bbox 384 517 1163 574">
    <p class='ocr_par' dir='ltr' id='par_1_1' title="bbox 384 517 1163 574">
     <span class='ocr_line' id='line_1_1' title="bbox 384 517 1163 574; baseline 0.003 -2"><span class='ocrx_word' id='word_1_1' title='bbox 384 517 442 572; x_wconf 80' lang='lat'><strong>25⁰</strong></span> <span class='ocrx_word' id='word_1_2' title='bbox 655 517 906 573; x_wconf 75' lang='lat' dir='ltr'><strong>fflsTontatttnu</strong></span> <span class='ocrx_word' id='word_1_3' title='bbox 926 519 1101 574; x_wconf 85' lang='lat' dir='ltr'><strong>LUDOVlCl</strong></span> <span class='ocrx_word' id='word_1_4' title='bbox 1121 519 1163 574; x_wconf 88' lang='lat' dir='ltr'><strong>XI</strong></span> 
     </span>
    </p>
   </div>
   <div class='ocr_carea' id='block_1_2' title="bbox 366 645 1440 2350">
    <p class='ocr_par' dir='ltr' id='par_1_2' title="bbox 366 645 1440 2350">
     <span class='ocr_line' id='line_1_2' title="bbox 385 645 1439 748; baseline 0.003 -30"><span class='ocrx_word' id='word_1_5' title='bbox 385 661 483 732; x_wconf 90' lang='lat' dir='ltr'><strong>runt,</strong></span> <span class='ocrx_word' id='word_1_6' title='bbox 507 673 544 718; x_wconf 92' lang='lat' dir='ltr'><strong>se</strong></span> <span class='ocrx_word' id='word_1_7' title='bbox 564 671 681 742; x_wconf 86' lang='lat' dir='ltr'><strong>regem</strong></span> <span class='ocrx_word' id='word_1_8' title='bbox 703 661 870 744; x_wconf 81' lang='lat' dir='ltr'><strong>tanquam</strong></span> <span class='ocrx_word' id='word_1_9' title='bbox 893 645 1078 719; x_wconf 89' lang='lat' dir='ltr'><strong>domiuum</strong></span> <span class='ocrx_word' id='word_1_10' title='bbox 1097 672 1199 720; x_wconf 91' lang='lat' dir='ltr'><strong>suum</strong></span> <span class='ocrx_word' id='word_1_11' title='bbox 1217 651 1439 748; x_wconf 87' lang='lat' dir='ltr'><strong>superiorem</strong></span> 
     </span>
     <span class='ocr_line' id='line_1_3' title="bbox 384 761 1440 860; baseline 0.005 -29"><span class='ocrx_word' id='word_1_12' title='bbox 384 776 418 831; x_wconf 88' lang='lat' dir='ltr'><strong>et</strong></span> <span class='ocrx_word' id='word_1_13' title='bbox 461 761 647 859; x_wconf 70' lang='lat' dir='ltr'>capitalem</span> <span class='ocrx_word' id='word_1_14' title='bbox 688 785 905 857; x_wconf 84' lang='lat' dir='ltr'>agnoscere,</span> <span class='ocrx_word' id='word_1_15' title='bbox 941 761 1068 834; x_wconf 90' lang='lat' dir='ltr'><strong>ducem</strong></span> <span class='ocrx_word' id='word_1_16' title='bbox 1107 786 1191 833; x_wconf 91' lang='lat' dir='ltr'><strong>veru</strong></span> <span class='ocrx_word' id='word_1_17' title='bbox 1229 764 1440 860; x_wconf 77' lang='lat' dir='ltr'><strong>burgundiae</strong></span> 
     </span>
     <span class='ocr_line' id='line_1_4' title="bbox 385 876 1439 972; baseline 0.004 -26"><span class='ocrx_word' id='word_1_18' title='bbox 385 879 585 972; x_wconf 83' lang='lat' dir='ltr'><strong>proximum</strong></span> <span class='ocrx_word' id='word_1_19' title='bbox 604 892 638 948; x_wconf 92' lang='lat' dir='ltr'><strong>et</strong></span> <span class='ocrx_word' id='word_1_20' title='bbox 654 877 897 948; x_wconf 87' lang='lat' dir='ltr'><strong>immediatum</strong></span> <span class='ocrx_word' id='word_1_21' title='bbox 914 901 951 948; x_wconf 87' lang='lat' dir='ltr'><strong>se</strong></span> <span class='ocrx_word' id='word_1_22' title='bbox 970 876 1123 967; x_wconf 81' lang='lat' dir='ltr'><strong>habere3</strong></span> <span class='ocrx_word' id='word_1_23' title='bbox 1143 878 1200 948; x_wconf 93' lang='lat' dir='ltr'><strong>cui</strong></span> <span class='ocrx_word' id='word_1_24' title='bbox 1220 901 1303 949; x_wconf 91' lang='lat' dir='ltr'><strong>cum</strong></span> <span class='ocrx_word' id='word_1_25' title='bbox 1323 877 1439 950; x_wconf 86' lang='lat' dir='ltr'><strong>fideli-</strong></span> 
     </span>
     <span class='ocr_line' id='line_1_5' title="bbox 384 990 1438 1091; baseline 0.006 -30"><span class='ocrx_word' id='word_1_26' title='bbox 384 995 464 1062; x_wconf 83' lang='lat' dir='ltr'>tatis</span> <span class='ocrx_word' id='word_1_27' title='bbox 475 991 751 1088; x_wconf 84' lang='lat' dir='ltr'><strong>lrommagiique,</strong></span> <span class='ocrx_word' id='word_1_28' title='bbox 765 992 868 1086; x_wconf 85' lang='lat' dir='ltr'><strong>regiis</strong></span> <span class='ocrx_word' id='word_1_29' title='bbox 881 990 1037 1088; x_wconf 88' lang='lat' dir='ltr'>jussibus</span> <span class='ocrx_word' id='word_1_30' title='bbox 1048 1006 1083 1064; x_wconf 89' lang='lat' dir='ltr'><strong>et</strong></span> <span class='ocrx_word' id='word_1_31' title='bbox 1097 992 1284 1082; x_wconf 88' lang='lat' dir='ltr'><strong>mandatis,</strong></span> <span class='ocrx_word' id='word_1_32' title='bbox 1304 996 1438 1091; x_wconf 84' lang='lat' dir='ltr'><strong>praesti·</strong></span> 
     </span>
     <span class='ocr_line' id='line_1_6' title="bbox 385 1105 1439 1206; baseline 0.004 -30"><span class='ocrx_word' id='word_1_33' title='bbox 385 1107 507 1178; x_wconf 90' lang='lat' dir='ltr'><strong>tisseut</strong></span> <span class='ocrx_word' id='word_1_34' title='bbox 527 1120 764 1197; x_wconf 87' lang='lat' dir='ltr'><strong>sacramenta,</strong></span> <span class='ocrx_word' id='word_1_35' title='bbox 785 1131 859 1177; x_wconf 92' lang='lat' dir='ltr'><strong>non</strong></span> <span class='ocrx_word' id='word_1_36' title='bbox 881 1131 986 1206; x_wconf 89' lang='lat' dir='ltr'><strong>posse</strong></span> <span class='ocrx_word' id='word_1_37' title='bbox 1008 1105 1054 1178; x_wconf 92' lang='lat' dir='ltr'><strong>ab</strong></span> <span class='ocrx_word' id='word_1_38' title='bbox 1077 1131 1121 1179; x_wconf 91' lang='lat' dir='ltr'><strong>eo</strong></span> <span class='ocrx_word' id='word_1_39' title='bbox 1144 1105 1295 1180; x_wconf 84' lang='lat' dir='ltr'><strong>deficere</strong></span> <span class='ocrx_word' id='word_1_40' title='bbox 1315 1108 1361 1179; x_wconf 86' lang='lat' dir='ltr'><strong>ed</strong></span> <span class='ocrx_word' id='word_1_41' title='bbox 1382 1135 1439 1180; x_wconf 89' lang='lat' dir='ltr'><strong>re-</strong></span> 
     </span>
     <span class='ocr_line' id='line_1_7' title="bbox 366 1220 1438 1320; baseline 0.001 -26"><span class='ocrx_word' id='word_1_42' title='bbox 366 1247 535 1320; x_wconf 75' lang='lat' dir='ltr'><strong>,gemque</strong></span> <span class='ocrx_word' id='word_1_43' title='bbox 551 1222 721 1315; x_wconf 84' lang='lat' dir='ltr'><strong>transire,</strong></span> <span class='ocrx_word' id='word_1_44' title='bbox 746 1247 790 1294; x_wconf 91' lang='lat' dir='ltr'><strong>eo</strong></span> <span class='ocrx_word' id='word_1_45' title='bbox 813 1223 950 1295; x_wconf 88' lang='lat' dir='ltr'><strong>secluso</strong></span> <span class='ocrx_word' id='word_1_46' title='bbox 971 1237 1006 1294; x_wconf 87' lang='lat' dir='ltr'><strong>et</strong></span> <span class='ocrx_word' id='word_1_47' title='bbox 1026 1222 1173 1319; x_wconf 83' lang='lat' dir='ltr'><strong>reject03</strong></span> <span class='ocrx_word' id='word_1_48' title='bbox 1198 1220 1305 1294; x_wconf 89' lang='lat' dir='ltr'><strong>fidem</strong></span> <span class='ocrx_word' id='word_1_49' title='bbox 1327 1247 1438 1320; x_wconf 89' lang='lat' dir='ltr'><strong>quam</strong></span> 
     </span>
     <span class='ocr_line' id='line_1_8' title="bbox 384 1336 1438 1428; baseline 0.002 -20"><span class='ocrx_word' id='word_1_50' title='bbox 384 1337 450 1408; x_wconf 89' lang='lat' dir='ltr'>sibi</span> <span class='ocrx_word' id='word_1_51' title='bbox 469 1337 696 1409; x_wconf 87' lang='lat' dir='ltr'><strong>mandaverat</strong></span> <span class='ocrx_word' id='word_1_52' title='bbox 711 1336 909 1428; x_wconf 89' lang='lat' dir='ltr'><strong>observari,</strong></span> <span class='ocrx_word' id='word_1_53' title='bbox 929 1353 964 1409; x_wconf 91' lang='lat' dir='ltr'><strong>et</strong></span> <span class='ocrx_word' id='word_1_54' title='bbox 985 1337 1031 1409; x_wconf 88' lang='lat' dir='ltr'><strong>ad</strong></span> <span class='ocrx_word' id='word_1_55' title='bbox 1053 1360 1132 1408; x_wconf 87' lang='lat' dir='ltr'><strong>eam</strong></span> <span class='ocrx_word' id='word_1_56' title='bbox 1152 1336 1363 1409; x_wconf 75' lang='lat' dir='ltr'><strong>servandam</strong></span> <span class='ocrx_word' id='word_1_57' title='bbox 1382 1363 1438 1410; x_wconf 86' lang='lat' dir='ltr'><strong>sa·</strong></span> 
     </span>
     <span class='ocr_line' id='line_1_9' title="bbox 385 1451 1437 1552; baseline 0.005 -30"><span class='ocrx_word' id='word_1_58' title='bbox 385 1465 565 1523; x_wconf 85' lang='lat' dir='ltr'><strong>eramento</strong></span> <span class='ocrx_word' id='word_1_59' title='bbox 583 1452 676 1548; x_wconf 83' lang='lat' dir='ltr'><strong>adigi</strong></span> <span class='ocrx_word' id='word_1_60' title='bbox 694 1451 882 1542; x_wconf 86' lang='lat' dir='ltr'><strong>voluerat¹‚</strong></span> <span class='ocrx_word' id='word_1_61' title='bbox 902 1478 939 1524; x_wconf 87' lang='lat' dir='ltr'><strong>se</strong></span> <span class='ocrx_word' id='word_1_62' title='bbox 953 1453 1083 1524; x_wconf 87' lang='lat' dir='ltr'><strong>violare</strong></span> <span class='ocrx_word' id='word_1_63' title='bbox 1098 1477 1173 1524; x_wconf 91' lang='lat' dir='ltr'><strong>non</strong></span> <span class='ocrx_word' id='word_1_64' title='bbox 1189 1477 1309 1552; x_wconf 71' lang='lat' dir='ltr'><strong>posse,</strong></span> <span class='ocrx_word' id='word_1_65' title='bbox 1327 1479 1437 1552; x_wconf 87' lang='lat' dir='ltr'><strong>quam</strong></span> 
     </span>
     <span class='ocr_line' id='line_1_10' title="bbox 386 1567 1437 1666; baseline 0.002 -26"><span class='ocrx_word' id='word_1_66' title='bbox 386 1583 504 1640; x_wconf 91' lang='lat' dir='ltr'><strong>tamen</strong></span> <span class='ocrx_word' id='word_1_67' title='bbox 531 1567 754 1641; x_wconf 82' lang='lat' dir='ltr'><strong>observando</strong></span> <span class='ocrx_word' id='word_1_68' title='bbox 776 1583 810 1640; x_wconf 91' lang='lat' dir='ltr'><strong>et</strong></span> <span class='ocrx_word' id='word_1_69' title='bbox 830 1569 1036 1658; x_wconf 88' lang='lat' dir='ltr'><strong>retinendo,</strong></span> <span class='ocrx_word' id='word_1_70' title='bbox 1061 1593 1179 1666; x_wconf 84' lang='lat' dir='ltr'><strong>regem</strong></span> <span class='ocrx_word' id='word_1_71' title='bbox 1205 1568 1437 1642; x_wconf 87' lang='lat' dir='ltr'><strong>nihilominus</strong></span> 
     </span>
     <span class='ocr_line' id='line_1_11' title="bbox 386 1685 1432 1784; baseline 0 -26"><span class='ocrx_word' id='word_1_72' title='bbox 386 1687 493 1758; x_wconf 86' lang='lat' dir='ltr'><strong>veluti</strong></span> <span class='ocrx_word' id='word_1_73' title='bbox 523 1709 730 1784; x_wconf 90' lang='lat' dir='ltr'><strong>supremum</strong></span> <span class='ocrx_word' id='word_1_74' title='bbox 759 1685 943 1757; x_wconf 88' lang='lat' dir='ltr'><strong>dominum</strong></span> <span class='ocrx_word' id='word_1_75' title='bbox 973 1709 1112 1782; x_wconf 83' lang='lat' dir='ltr'><strong>semper</strong></span> <span class='ocrx_word' id='word_1_76' title='bbox 1138 1701 1432 1782; x_wconf 80' lang='lat' dir='ltr'><strong>recognoscerent</strong></span> 
     </span>
     <span class='ocr_line' id='line_1_12' title="bbox 385 1801 1439 1900; baseline 0 -26"><span class='ocrx_word' id='word_1_77' title='bbox 385 1818 420 1874; x_wconf 87' lang='lat' dir='ltr'><strong>et</strong></span> <span class='ocrx_word' id='word_1_78' title='bbox 438 1801 621 1874; x_wconf 88' lang='lat' dir='ltr'><strong>baberent.</strong></span> <span class='ocrx_word' id='word_1_79' title='bbox 642 1804 675 1872; x_wconf 88' lang='lat' dir='ltr'><strong>Si</strong></span> <span class='ocrx_word' id='word_1_80' title='bbox 695 1827 778 1874; x_wconf 91' lang='lat' dir='ltr'><strong>vero</strong></span> <span class='ocrx_word' id='word_1_81' title='bbox 796 1826 857 1873; x_wconf 92' lang='lat' dir='ltr'><strong>eos</strong></span> <span class='ocrx_word' id='word_1_82' title='bbox 875 1801 984 1895; x_wconf 91' lang='lat' dir='ltr'><strong>nude,</strong></span> <span class='ocrx_word' id='word_1_83' title='bbox 997 1817 1031 1873; x_wconf 90' lang='lat' dir='ltr'><strong>et</strong></span> <span class='ocrx_word' id='word_1_84' title='bbox 1048 1803 1183 1900; x_wconf 86' lang='lat' dir='ltr'>absque</span> <span class='ocrx_word' id='word_1_85' title='bbox 1200 1803 1342 1875; x_wconf 90' lang='lat' dir='ltr'><strong>alterius</strong></span> <span class='ocrx_word' id='word_1_86' title='bbox 1354 1803 1439 1874; x_wconf 92' lang='lat' dir='ltr'><strong>sub-</strong></span> 
     </span>
     <span class='ocr_line' id='line_1_13' title="bbox 385 1916 1434 2011; baseline 0.002 -24"><span class='ocrx_word' id='word_1_87' title='bbox 385 1916 618 1988; x_wconf 84' lang='lat' dir='ltr'><strong>alternatioue</strong></span> <span class='ocrx_word' id='word_1_88' title='bbox 648 1940 708 1987; x_wconf 91' lang='lat' dir='ltr'><strong>seu</strong></span> <span class='ocrx_word' id='word_1_89' title='bbox 737 1916 951 1988; x_wconf 82' lang='lat' dir='ltr'>mediatione</span> <span class='ocrx_word' id='word_1_90' title='bbox 975 1917 1132 2011; x_wconf 90' lang='lat' dir='ltr'><strong>domini,</strong></span> <span class='ocrx_word' id='word_1_91' title='bbox 1160 1916 1292 1989; x_wconf 90' lang='lat' dir='ltr'><strong>habere</strong></span> <span class='ocrx_word' id='word_1_92' title='bbox 1312 1917 1434 2006; x_wconf 88' lang='lat' dir='ltr'><strong>vellet,</strong></span> 
     </span>
     <span class='ocr_line' id='line_1_14' title="bbox 386 2029 1435 2128; baseline 0.006 -28"><span class='ocrx_word' id='word_1_93' title='bbox 386 2029 620 2128; x_wconf 80' lang='lat' dir='ltr'><strong>precabantur</strong></span> <span class='ocrx_word' id='word_1_94' title='bbox 638 2043 676 2099; x_wconf 88' lang='lat' dir='ltr'><strong>ut</strong></span> <span class='ocrx_word' id='word_1_95' title='bbox 688 2053 791 2126; x_wconf 86' lang='lat' dir='ltr'><strong>egere</strong></span> <span class='ocrx_word' id='word_1_96' title='bbox 808 2031 909 2103; x_wconf 87' lang='lat' dir='ltr'><strong>vellet</strong></span> <span class='ocrx_word' id='word_1_97' title='bbox 927 2058 1011 2104; x_wconf 91' lang='lat' dir='ltr'><strong>cum</strong></span> <span class='ocrx_word' id='word_1_98' title='bbox 1026 2033 1319 2128; x_wconf 83' lang='lat' dir='ltr'><strong>Burgundionum</strong></span> <span class='ocrx_word' id='word_1_99' title='bbox 1331 2032 1435 2122; x_wconf 86' lang='lat' dir='ltr'><strong>duce,</strong></span> 
     </span>
     <span class='ocr_line' id='line_1_15' title="bbox 385 2144 1436 2242; baseline 0.006 -28"><span class='ocrx_word' id='word_1_100' title='bbox 385 2145 460 2230; x_wconf 92' lang='lat' dir='ltr'><strong>cui,</strong></span> <span class='ocrx_word' id='word_1_101' title='bbox 487 2167 530 2214; x_wconf 89' lang='lat' dir='ltr'><strong>eu</strong></span> <span class='ocrx_word' id='word_1_102' title='bbox 556 2144 779 2242; x_wconf 65' lang='lat' dir='ltr'><strong>precipiente</strong></span> <span class='ocrx_word' id='word_1_103' title='bbox 806 2157 841 2218; x_wconf 85' lang='lat' dir='ltr'><strong>et</strong></span> <span class='ocrx_word' id='word_1_104' title='bbox 865 2147 1072 2240; x_wconf 89' lang='lat' dir='ltr'><strong>mandante,</strong></span> <span class='ocrx_word' id='word_1_105' title='bbox 1103 2172 1204 2220; x_wconf 90' lang='lat' dir='ltr'><strong>suam</strong></span> <span class='ocrx_word' id='word_1_106' title='bbox 1231 2147 1341 2219; x_wconf 85' lang='lat' dir='ltr'><strong>fidem</strong></span> <span class='ocrx_word' id='word_1_107' title='bbox 1365 2147 1436 2220; x_wconf 92' lang='lat' dir='ltr'><strong>ob-</strong></span> 
     </span>
     <span class='ocr_line' id='line_1_16' title="bbox 386 2245 1437 2350; baseline 0.005 -21"><span class='ocrx_word' id='word_1_108' title='bbox 386 2245 614 2350; x_wconf 82' lang='lat' dir='ltr'><strong>strinierant,</strong></span> <span class='ocrx_word' id='word_1_109' title='bbox 634 2275 672 2332; x_wconf 89' lang='lat' dir='ltr'><strong>ut</strong></span> <span class='ocrx_word' id='word_1_110' title='bbox 689 2286 749 2332; x_wconf 89' lang='lat' dir='ltr'><strong>eos</strong></span> <span class='ocrx_word' id='word_1_111' title='bbox 771 2285 791 2332; x_wconf 90' lang='lat' dir='ltr'><strong>a</strong></span> <span class='ocrx_word' id='word_1_112' title='bbox 814 2261 886 2334; x_wconf 81' lang='lat' dir='ltr'><strong>side</strong></span> <span class='ocrx_word' id='word_1_113' title='bbox 902 2278 936 2334; x_wconf 89' lang='lat' dir='ltr'><strong>et</strong></span> <span class='ocrx_word' id='word_1_114' title='bbox 957 2287 976 2334; x_wconf 89' lang='lat' dir='ltr'><strong>e</strong></span> <span class='ocrx_word' id='word_1_115' title='bbox 998 2266 1226 2336; x_wconf 88' lang='lat' dir='ltr'><strong>sacramentis</strong></span> <span class='ocrx_word' id='word_1_116' title='bbox 1247 2262 1315 2335; x_wconf 90' lang='lat' dir='ltr'><strong>sibi</strong></span> <span class='ocrx_word' id='word_1_117' title='bbox 1340 2263 1437 2335; x_wconf 86' lang='lat' dir='ltr'><strong>lactis</strong></span> 
     </span>
    </p>
   </div>
   <div class='ocr_carea' id='block_1_3' title="bbox 384 2377 1437 2591">
    <p class='ocr_par' dir='ltr' id='par_1_3' title="bbox 384 2377 1437 2591">
     <span class='ocr_line' id='line_1_17' title="bbox 384 2377 1437 2472; baseline 0.005 -27"><span class='ocrx_word' id='word_1_118' title='bbox 384 2388 419 2444; x_wconf 91' lang='lat' dir='ltr'><strong>et</strong></span> <span class='ocrx_word' id='word_1_119' title='bbox 435 2377 594 2472; x_wconf 86' lang='lat' dir='ltr'><strong>praestitis</strong></span> <span class='ocrx_word' id='word_1_120' title='bbox 609 2377 819 2449; x_wconf 88' lang='lat' dir='ltr'><strong>absolveret.</strong></span> <span class='ocrx_word' id='word_1_121' title='bbox 840 2383 915 2450; x_wconf 92' lang='lat' dir='ltr'><strong>Hoc</strong></span> <span class='ocrx_word' id='word_1_122' title='bbox 933 2379 1043 2472; x_wconf 85' lang='lat' dir='ltr'><strong>lacte,</strong></span> <span class='ocrx_word' id='word_1_123' title='bbox 1057 2405 1139 2451; x_wconf 92' lang='lat' dir='ltr'><strong>cum</strong></span> <span class='ocrx_word' id='word_1_124' title='bbox 1152 2379 1251 2451; x_wconf 91' lang='lat' dir='ltr'><strong>bono</strong></span> <span class='ocrx_word' id='word_1_125' title='bbox 1266 2380 1386 2452; x_wconf 90' lang='lat' dir='ltr'><strong>animo</strong></span> <span class='ocrx_word' id='word_1_126' title='bbox 1400 2394 1437 2452; x_wconf 89' lang='lat' dir='ltr'><strong>et</strong></span> 
     </span>
     <span class='ocr_line' id='line_1_18' title="bbox 384 2487 1436 2591; baseline 0.007 -33"><span class='ocrx_word' id='word_1_127' title='bbox 384 2487 517 2586; x_wconf 88' lang='lat' dir='ltr'><strong>absque</strong></span> <span class='ocrx_word' id='word_1_128' title='bbox 534 2493 739 2582; x_wconf 85' lang='lat' dir='ltr'><strong>coactione,</strong></span> <span class='ocrx_word' id='word_1_129' title='bbox 757 2492 908 2565; x_wconf 89' lang='lat' dir='ltr'><strong>libenter</strong></span> <span class='ocrx_word' id='word_1_130' title='bbox 925 2519 961 2565; x_wconf 90' lang='lat' dir='ltr'><strong>se</strong></span> <span class='ocrx_word' id='word_1_131' title='bbox 983 2497 1054 2590; x_wconf 87' lang='lat' dir='ltr'><strong>regi</strong></span> <span class='ocrx_word' id='word_1_132' title='bbox 1071 2494 1271 2584; x_wconf 87' lang='lat' dir='ltr'><strong>dedituros,</strong></span> <span class='ocrx_word' id='word_1_133' title='bbox 1290 2494 1436 2591; x_wconf 86' lang='lat' dir='ltr'><strong>ejusque</strong></span> 
     </span>
    </p>
   </div>
   <div class='ocr_carea' id='block_1_4' title="bbox 362 2607 1436 3864">
    <p class='ocr_par' dir='ltr' id='par_1_4' title="bbox 362 2607 1436 2940">
     <span class='ocr_line' id='line_1_19' title="bbox 384 2607 1432 2709; baseline 0.006 -33"><span class='ocrx_word' id='word_1_134' title='bbox 384 2607 574 2703; x_wconf 87' lang='lat' dir='ltr'><strong>majestatis</strong></span> <span class='ocrx_word' id='word_1_135' title='bbox 591 2608 748 2704; x_wconf 86' lang='lat' dir='ltr'><strong>jussibus</strong></span> <span class='ocrx_word' id='word_1_136' title='bbox 764 2635 827 2708; x_wconf 91' lang='lat' dir='ltr'><strong>per</strong></span> <span class='ocrx_word' id='word_1_137' title='bbox 848 2611 969 2682; x_wconf 87' lang='lat' dir='ltr'><strong>omnia</strong></span> <span class='ocrx_word' id='word_1_138' title='bbox 993 2611 1167 2709; x_wconf 88' lang='lat' dir='ltr'><strong>parituros</strong></span> <span class='ocrx_word' id='word_1_139' title='bbox 1188 2609 1311 2708; x_wconf 89' lang='lat' dir='ltr'><strong>:quod</strong></span> <span class='ocrx_word' id='word_1_140' title='bbox 1328 2609 1432 2699; x_wconf 82' lang='lat' dir='ltr'><strong>alias,</strong></span> 
     </span>
     <span class='ocr_line' id='line_1_20' title="bbox 362 2723 1436 2825; baseline 0.003 -32"><span class='ocrx_word' id='word_1_141' title='bbox 362 2757 365 2772; x_wconf 94' lang='lat'><em>·</em></span> <span class='ocrx_word' id='word_1_142' title='bbox 383 2747 466 2794; x_wconf 90' lang='lat' dir='ltr'><strong>curn</strong></span> <span class='ocrx_word' id='word_1_143' title='bbox 480 2723 663 2797; x_wconf 89' lang='lat' dir='ltr'><strong>honestate</strong></span> <span class='ocrx_word' id='word_1_144' title='bbox 675 2740 708 2797; x_wconf 90' lang='lat' dir='ltr'><strong>et</strong></span> <span class='ocrx_word' id='word_1_145' title='bbox 721 2725 854 2822; x_wconf 86' lang='lat' dir='ltr'><strong>absque</strong></span> <span class='ocrx_word' id='word_1_146' title='bbox 868 2741 965 2798; x_wconf 90' lang='lat' dir='ltr'><strong>reatu</strong></span> <span class='ocrx_word' id='word_1_147' title='bbox 978 2726 1122 2825; x_wconf 87' lang='lat' dir='ltr'><strong>perjurii</strong></span> <span class='ocrx_word' id='word_1_148' title='bbox 1137 2741 1170 2798; x_wconf 89' lang='lat' dir='ltr'><strong>et</strong></span> <span class='ocrx_word' id='word_1_149' title='bbox 1185 2725 1353 2824; x_wconf 81' lang='lat' dir='ltr'><strong>perlidiae,</strong></span> <span class='ocrx_word' id='word_1_150' title='bbox 1367 2725 1436 2796; x_wconf 91' lang='lat' dir='ltr'><strong>mi-</strong></span> 
     </span>
     <span class='ocr_line' id='line_1_21' title="bbox 385 2842 781 2940; baseline 0.008 -30"><span class='ocrx_word' id='word_1_151' title='bbox 385 2842 481 2912; x_wconf 90' lang='lat' dir='ltr'><strong>nime</strong></span> <span class='ocrx_word' id='word_1_152' title='bbox 499 2842 610 2913; x_wconf 85' lang='lat' dir='ltr'><strong>lacere</strong></span> <span class='ocrx_word' id='word_1_153' title='bbox 625 2857 781 2940; x_wconf 89' lang='lat' dir='ltr'><strong>possent.</strong></span> 
     </span>
    </p>

    <p class='ocr_par' dir='ltr' id='par_1_5' title="bbox 383 2955 1436 3864">
     <span class='ocr_line' id='line_1_22' title="bbox 432 2955 1436 3056; baseline -0.002 -29"><span class='ocrx_word' id='word_1_154' title='bbox 432 2961 522 3028; x_wconf 92' lang='lat' dir='ltr'><strong>Cum</strong></span> <span class='ocrx_word' id='word_1_155' title='bbox 548 2958 615 3029; x_wconf 91' lang='lat' dir='ltr'><strong>hac</strong></span> <span class='ocrx_word' id='word_1_156' title='bbox 639 2960 870 3056; x_wconf 86' lang='lat' dir='ltr'><strong>responsione</strong></span> <span class='ocrx_word' id='word_1_157' title='bbox 895 2982 974 3046; x_wconf 89' lang='lat' dir='ltr'><strong>eos,</strong></span> <span class='ocrx_word' id='word_1_158' title='bbox 994 2959 1056 3054; x_wconf 92' lang='lat' dir='ltr'><strong>qui</strong></span> <span class='ocrx_word' id='word_1_159' title='bbox 1076 2981 1113 3028; x_wconf 87' lang='lat' dir='ltr'><strong>se</strong></span> <span class='ocrx_word' id='word_1_160' title='bbox 1133 2957 1179 3030; x_wconf 90' lang='lat' dir='ltr'><strong>ad</strong></span> <span class='ocrx_word' id='word_1_161' title='bbox 1199 2955 1436 3028; x_wconf 86' lang='lat' dir='ltr'><strong>defectionem</strong></span> 
     </span>
     <span class='ocr_line' id='line_1_23' title="bbox 383 3071 1436 3172; baseline -0.001 -27"><span class='ocrx_word' id='word_1_162' title='bbox 383 3073 672 3163; x_wconf 81' lang='lat' dir='ltr'><strong>sollicitaverant,</strong></span> <span class='ocrx_word' id='word_1_163' title='bbox 692 3075 774 3145; x_wconf 91' lang='lat' dir='ltr'><strong>satis</strong></span> <span class='ocrx_word' id='word_1_164' title='bbox 790 3073 983 3172; x_wconf 88' lang='lat' dir='ltr'><strong>prudenter</strong></span> <span class='ocrx_word' id='word_1_165' title='bbox 999 3087 1035 3145; x_wconf 92' lang='lat' dir='ltr'><strong>et</strong></span> <span class='ocrx_word' id='word_1_166' title='bbox 1050 3072 1212 3144; x_wconf 88' lang='lat' dir='ltr'><strong>consulte</strong></span> <span class='ocrx_word' id='word_1_167' title='bbox 1228 3071 1436 3144; x_wconf 88' lang='lat' dir='ltr'><strong>remiserant</strong></span> 
     </span>
     <span class='ocr_line' id='line_1_24' title="bbox 384 3185 1436 3287; baseline -0.002 -27"><span class='ocrx_word' id='word_1_168' title='bbox 384 3190 584 3287; x_wconf 76' lang='lat' dir='ltr'><strong>expeditos3</strong></span> <span class='ocrx_word' id='word_1_169' title='bbox 604 3189 666 3260; x_wconf 92' lang='lat' dir='ltr'><strong>sed</strong></span> <span class='ocrx_word' id='word_1_170' title='bbox 689 3214 789 3279; x_wconf 89' lang='lat' dir='ltr'><strong>curn,</strong></span> <span class='ocrx_word' id='word_1_171' title='bbox 812 3213 885 3261; x_wconf 92' lang='lat' dir='ltr'><strong>non</strong></span> <span class='ocrx_word' id='word_1_172' title='bbox 910 3188 1133 3261; x_wconf 88' lang='lat' dir='ltr'><strong>obstantibus</strong></span> <span class='ocrx_word' id='word_1_173' title='bbox 1155 3187 1230 3280; x_wconf 90' lang='lat' dir='ltr'><strong>his,</strong></span> <span class='ocrx_word' id='word_1_174' title='bbox 1255 3185 1436 3258; x_wconf 84' lang='lat' dir='ltr'><strong>sollicitari</strong></span> 
     </span>
     <span class='ocr_line' id='line_1_25' title="bbox 384 3303 1436 3402; baseline 0 -28"><span class='ocrx_word' id='word_1_175' title='bbox 384 3303 524 3401; x_wconf 89' lang='lat' dir='ltr'><strong>plebem</strong></span> <span class='ocrx_word' id='word_1_176' title='bbox 547 3329 566 3376; x_wconf 88' lang='lat' dir='ltr'><strong>a</strong></span> <span class='ocrx_word' id='word_1_177' title='bbox 588 3319 687 3402; x_wconf 88' lang='lat' dir='ltr'><strong>parte</strong></span> <span class='ocrx_word' id='word_1_178' title='bbox 708 3305 797 3400; x_wconf 83' lang='lat' dir='ltr'><strong>regis</strong></span> <span class='ocrx_word' id='word_1_179' title='bbox 820 3305 963 3376; x_wconf 92' lang='lat' dir='ltr'><strong>minime</strong></span> <span class='ocrx_word' id='word_1_180' title='bbox 980 3317 1185 3395; x_wconf 87' lang='lat' dir='ltr'><strong>cessaretur,</strong></span> <span class='ocrx_word' id='word_1_181' title='bbox 1206 3304 1312 3376; x_wconf 89' lang='lat' dir='ltr'><strong>stulta</strong></span> <span class='ocrx_word' id='word_1_182' title='bbox 1328 3317 1364 3374; x_wconf 92' lang='lat' dir='ltr'><strong>et</strong></span> <span class='ocrx_word' id='word_1_183' title='bbox 1379 3303 1436 3374; x_wconf 90' lang='lat' dir='ltr'><strong>iu-</strong></span> 
     </span>
     <span class='ocr_line' id='line_1_26' title="bbox 384 3417 1436 3517; baseline -0.001 -28"><span class='ocrx_word' id='word_1_184' title='bbox 384 3417 453 3491; x_wconf 82' lang='lat' dir='ltr'><strong>fida</strong></span> <span class='ocrx_word' id='word_1_185' title='bbox 476 3420 575 3517; x_wconf 92' lang='lat' dir='ltr'><strong>plebs</strong></span> <span class='ocrx_word' id='word_1_186' title='bbox 596 3443 674 3516; x_wconf 80' lang='lat' dir='ltr'><strong>quae</strong></span> <span class='ocrx_word' id='word_1_187' title='bbox 698 3443 865 3514; x_wconf 83' lang='lat' dir='ltr'><strong>magnum</strong></span> <span class='ocrx_word' id='word_1_188' title='bbox 883 3419 1026 3517; x_wconf 90' lang='lat' dir='ltr'><strong>aliquod</strong></span> <span class='ocrx_word' id='word_1_189' title='bbox 1043 3419 1213 3516; x_wconf 86' lang='lat' dir='ltr'><strong>consequi</strong></span> <span class='ocrx_word' id='word_1_190' title='bbox 1235 3443 1271 3490; x_wconf 91' lang='lat' dir='ltr'><strong>se</strong></span> <span class='ocrx_word' id='word_1_191' title='bbox 1288 3419 1436 3489; x_wconf 63' lang='lat' dir='ltr'><strong>aestimo</strong></span> 
     </span>
     <span class='ocr_line' id='line_1_27' title="bbox 384 3531 1436 3630; baseline 0.002 -27"><span class='ocrx_word' id='word_1_192' title='bbox 384 3531 463 3623; x_wconf 90' lang='lat' dir='ltr'><strong>bat,</strong></span> <span class='ocrx_word' id='word_1_193' title='bbox 482 3534 511 3603; x_wconf 92' lang='lat' dir='ltr'><strong>si</strong></span> <span class='ocrx_word' id='word_1_194' title='bbox 530 3533 595 3604; x_wconf 93' lang='lat' dir='ltr'><strong>sub</strong></span> <span class='ocrx_word' id='word_1_195' title='bbox 612 3534 736 3629; x_wconf 84' lang='lat' dir='ltr'><strong>regalis</strong></span> <span class='ocrx_word' id='word_1_196' title='bbox 756 3533 880 3630; x_wconf 83' lang='lat' dir='ltr'><strong>lastigii</strong></span> <span class='ocrx_word' id='word_1_197' title='bbox 898 3533 1037 3606; x_wconf 89' lang='lat' dir='ltr'><strong>titulum</strong></span> <span class='ocrx_word' id='word_1_198' title='bbox 1053 3536 1262 3622; x_wconf 85' lang='lat' dir='ltr'><strong>devenisset,</strong></span> <span class='ocrx_word' id='word_1_199' title='bbox 1277 3533 1345 3605; x_wconf 87' lang='lat' dir='ltr'><strong>alia</strong></span> <span class='ocrx_word' id='word_1_200' title='bbox 1359 3533 1436 3605; x_wconf 89' lang='lat' dir='ltr'><strong>vice</strong></span> 
     </span>
     <span class='ocr_line' id='line_1_28' title="bbox 384 3647 1435 3744; baseline -0.001 -25"><span class='ocrx_word' id='word_1_201' title='bbox 384 3648 606 3719; x_wconf 88' lang='lat' dir='ltr'><strong>venientibus</strong></span> <span class='ocrx_word' id='word_1_202' title='bbox 635 3647 740 3720; x_wconf 89' lang='lat' dir='ltr'><strong>adse</strong></span> <span class='ocrx_word' id='word_1_203' title='bbox 772 3651 932 3744; x_wconf 91' lang='lat' dir='ltr'><strong>equitum</strong></span> <span class='ocrx_word' id='word_1_204' title='bbox 958 3650 1083 3720; x_wconf 89' lang='lat' dir='ltr'><strong>turmis</strong></span> <span class='ocrx_word' id='word_1_205' title='bbox 1110 3664 1145 3721; x_wconf 90' lang='lat' dir='ltr'><strong>et</strong></span> <span class='ocrx_word' id='word_1_206' title='bbox 1167 3649 1314 3720; x_wconf 88' lang='lat' dir='ltr'><strong>nornine</strong></span> <span class='ocrx_word' id='word_1_207' title='bbox 1337 3647 1435 3744; x_wconf 86' lang='lat' dir='ltr'><strong>regio</strong></span> 
     </span>
     <span class='ocr_line' id='line_1_29' title="bbox 384 3765 1435 3864; baseline -0.001 -29"><span class='ocrx_word' id='word_1_208' title='bbox 384 3765 572 3838; x_wconf 88' lang='lat' dir='ltr'><strong>intromitti</strong></span> <span class='ocrx_word' id='word_1_209' title='bbox 591 3765 868 3864; x_wconf 86' lang='lat' dir='ltr'><strong>postulantibus,</strong></span> <span class='ocrx_word' id='word_1_210' title='bbox 886 3791 947 3838; x_wconf 89' lang='lat' dir='ltr'><strong>eus</strong></span> <span class='ocrx_word' id='word_1_211' title='bbox 967 3767 1062 3838; x_wconf 93' lang='lat' dir='ltr'><strong>intus</strong></span> <span class='ocrx_word' id='word_1_212' title='bbox 1078 3765 1237 3856; x_wconf 86' lang='lat' dir='ltr'><strong>admisit,</strong></span> <span class='ocrx_word' id='word_1_213' title='bbox 1257 3779 1292 3836; x_wconf 90' lang='lat' dir='ltr'><strong>et</strong></span> <span class='ocrx_word' id='word_1_214' title='bbox 1309 3789 1330 3836; x_wconf 89' lang='lat' dir='ltr'><strong>a</strong></span> <span class='ocrx_word' id='word_1_215' title='bbox 1348 3769 1435 3836; x_wconf 91' lang='lat' dir='ltr'><strong>Bur-</strong></span> 
     </span>
    </p>
   </div>
   <div class='ocr_carea' id='block_1_5' title="bbox 384 3951 1436 4283">
    <p class='ocr_par' dir='ltr' id='par_1_6' title="bbox 384 3951 1436 4211">
     <span class='ocr_line' id='line_1_30' title="bbox 384 3951 1435 4034; baseline -0.003 -22"><span class='ocrx_word' id='word_1_216' title='bbox 384 3973 438 4012; x_wconf 87' lang='lat' dir='ltr'><strong>aux</strong></span> <span class='ocrx_word' id='word_1_217' title='bbox 459 3954 594 4012; x_wconf 84' lang='lat' dir='ltr'><strong>environs</strong></span> <span class='ocrx_word' id='word_1_218' title='bbox 612 3954 774 4030; x_wconf 79' lang='lat' dir='ltr'><strong>d&#39;Amieus,</strong></span> <span class='ocrx_word' id='word_1_219' title='bbox 794 3961 838 4034; x_wconf 85' lang='lat' dir='ltr'><strong>s&#39;y</strong></span> <span class='ocrx_word' id='word_1_220' title='bbox 854 3955 922 4014; x_wconf 80' lang='lat' dir='ltr'><strong>etait</strong></span> <span class='ocrx_word' id='word_1_221' title='bbox 937 3953 1086 4014; x_wconf 90' lang='lat' dir='ltr'><strong>introduit.</strong></span> <span class='ocrx_word' id='word_1_222' title='bbox 1104 3954 1175 4014; x_wconf 87' lang='lat' dir='ltr'><strong>Mais</strong></span> <span class='ocrx_word' id='word_1_223' title='bbox 1190 3951 1286 4031; x_wconf 88' lang='lat' dir='ltr'><strong>quand</strong></span> <span class='ocrx_word' id='word_1_224' title='bbox 1300 3951 1320 4010; x_wconf 89' lang='lat' dir='ltr'><strong>il</strong></span> <span class='ocrx_word' id='word_1_225' title='bbox 1334 3963 1380 4011; x_wconf 91' lang='lat' dir='ltr'><strong>sut</strong></span> <span class='ocrx_word' id='word_1_226' title='bbox 1393 3951 1435 4009; x_wconf 83' lang='lat' dir='ltr'><strong>les</strong></span> 
     </span>
     <span class='ocr_line' id='line_1_31' title="bbox 384 4043 1436 4124; baseline -0.001 -24"><span class='ocrx_word' id='word_1_227' title='bbox 384 4043 566 4121; x_wconf 86' lang='lat' dir='ltr'><strong>‹lispositions</strong></span> <span class='ocrx_word' id='word_1_228' title='bbox 583 4043 622 4101; x_wconf 94' lang='lat' dir='ltr'><strong>du</strong></span> <span class='ocrx_word' id='word_1_229' title='bbox 641 4063 725 4102; x_wconf 89' lang='lat' dir='ltr'><strong>rnenu</strong></span> <span class='ocrx_word' id='word_1_230' title='bbox 744 4045 864 4124; x_wconf 86' lang='lat' dir='ltr'><strong>peuple,</strong></span> <span class='ocrx_word' id='word_1_231' title='bbox 882 4044 902 4102; x_wconf 92' lang='lat' dir='ltr'><strong>il</strong></span> <span class='ocrx_word' id='word_1_232' title='bbox 923 4063 953 4104; x_wconf 86' lang='lat' dir='ltr'><strong>se</strong></span> <span class='ocrx_word' id='word_1_233' title='bbox 970 4057 1073 4104; x_wconf 74' lang='lat' dir='ltr'><strong>uoura</strong></span> <span class='ocrx_word' id='word_1_234' title='bbox 1088 4055 1153 4122; x_wconf 88' lang='lat' dir='ltr'><strong>trop</strong></span> <span class='ocrx_word' id='word_1_235' title='bbox 1166 4063 1224 4124; x_wconf 85' lang='lat' dir='ltr'><strong>peu</strong></span> <span class='ocrx_word' id='word_1_236' title='bbox 1238 4043 1347 4104; x_wconf 76' lang='lat' dir='ltr'><strong>escorte</strong></span> <span class='ocrx_word' id='word_1_237' title='bbox 1361 4059 1436 4121; x_wconf 87' lang='lat' dir='ltr'><strong>pour</strong></span> 
     </span>
     <span class='ocr_line' id='line_1_32' title="bbox 384 4135 1002 4211; baseline 0.008 -22"><span class='ocrx_word' id='word_1_238' title='bbox 384 4152 448 4190; x_wconf 87' lang='lat' dir='ltr'><strong>oser</strong></span> <span class='ocrx_word' id='word_1_239' title='bbox 460 4153 480 4210; x_wconf 82' lang='lat' dir='ltr'><strong>y</strong></span> <span class='ocrx_word' id='word_1_240' title='bbox 494 4146 600 4194; x_wconf 88' lang='lat' dir='ltr'><strong>entrer.</strong></span> <span class='ocrx_word' id='word_1_241' title='bbox 615 4135 787 4208; x_wconf 82' lang='lat' dir='ltr'><strong>commines,</strong></span> <span class='ocrx_word' id='word_1_242' title='bbox 802 4137 824 4198; x_wconf 90' lang='lat' dir='ltr'><strong>l.</strong></span> <span class='ocrx_word' id='word_1_243' title='bbox 840 4137 894 4211; x_wconf 88' lang='grc' dir='ltr'><strong>ΙΙΙ,</strong></span> <span class='ocrx_word' id='word_1_244' title='bbox 908 4136 954 4194; x_wconf 91' lang='lat' dir='ltr'><strong>cb.</strong></span> <span class='ocrx_word' id='word_1_245' title='bbox 969 4156 1002 4194; x_wconf 83' lang='grc' dir='ltr'><strong>ιι.</strong></span> 
     </span>
    </p>

    <p class='ocr_par' dir='ltr' id='par_1_7' title="bbox 427 4223 826 4283">
     <span class='ocr_line' id='line_1_33' title="bbox 427 4223 826 4283; baseline 0.015 -6"><span class='ocrx_word' id='word_1_246' title='bbox 427 4225 455 4277; x_wconf 89' lang='lat' dir='ltr'><strong>l.</strong></span> <span class='ocrx_word' id='word_1_247' title='bbox 482 4227 635 4282; x_wconf 68' lang='lat' dir='ltr'><strong>Volustana</strong></span> <span class='ocrx_word' id='word_1_248' title='bbox 648 4223 719 4282; x_wconf 88' lang='lat' dir='ltr'><strong>dans</strong></span> <span class='ocrx_word' id='word_1_249' title='bbox 732 4224 759 4283; x_wconf 83' lang='lat' dir='ltr'><strong>le</strong></span> <span class='ocrx_word' id='word_1_250' title='bbox 773 4244 826 4283; x_wconf 89' lang='lat' dir='ltr'><strong>ms.</strong></span> 
     </span>
    </p>
   </div>
   <div class='ocr_carea' id='block_1_6' title="bbox 0 0 1640 5182">
    <p class='ocr_par' dir='ltr' id='par_1_8' title="bbox 0 0 1640 5182">
     <span class='ocr_line' id='line_1_34' title="bbox 0 0 1640 5182; baseline 0 0"><span class='ocrx_word' id='word_1_251' title='bbox 0 0 1640 5182; x_wconf 95' lang='lat' dir='ltr'><strong> </strong></span> 
     </span>
    </p>
   </div>
  </div>
 </body>
</html>
