3272 5182
406 535 464 595 184
681 522 934 589 fltstnmttltttt
952 529 1133 587 LUDOVICI
1151 529 1196 584 XI

328 649 332 660 ’
406 665 562 740 reddidit
572 679 687 765 'atque
702 662 869 736 invisum.
890 659 998 749 Quod
1014 685 1057 733 ex
1075 661 1174 760 ipsis,
1192 683 1272 758 quae
1287 659 1325 736 in
1340 684 1467 733 couse-

405 781 618 883 quentibus,
638 805 703 854 suo
721 777 864 864 ordine,
886 777 1095 870 referentur,
1116 776 1336 863 manifestius
1352 800 1465 876 appa·

388 897 509 977 sebit.
1183 911 1208 920 ’·
1407 893 1409 900 ’

290 991 303 1023 ““
452 1016 561 1114 igitur
583 1025 623 1084 ut
643 1009 863 1085 matrimonii
884 1011 1057 1083 solemnia
1077 1023 1278 1107 agerentur,
1299 1007 1464 1082 traducta

402 1147 456 1206 est
480 1133 517 1204 in
543 1127 745 1202 Flaudriam
772 1124 928 1198 Edoardi
948 1151 1063 1216 soror,
1088 1139 1124 1197 et
1144 1130 1293 1221 Bruges,
1324 1124 1463 1221 insigne

401 1249 577 1351 oppidum
602 1244 795 1337 Flaudriae,
822 1243 1006 1337 adducta¹,
1034 1242 1095 1314 ubi
1120 1242 1264 1315 illustris
1287 1241 1459 1334 Carolus,

399 1361 696 1462 Burgundionum
714 1360 803 1455 dur,
823 1385 907 1432 oum
923 1375 1022 1432 tanta
1037 1358 1322 1458 spectaculorum
1340 1361 1461 1432 varie-

398 1495 470 1554 tate
493 1494 528 1552 et
548 1479 840 1552 vestimentorum
858 1491 1001 1571 ornatu,
1021 1501 1104 1548 cum
1119 1490 1218 1548 tauta
1234 1475 1462 1575 supellectilis

303 1653 306 1674 .
396 1597 496 1680 aurei
510 1609 545 1668 et
561 1595 718 1692 argentei
734 1594 852 1694 copia,
872 1591 1089 1670 serculorum
1101 1614 1236 1691 pompa
1249 1607 1355 1689 atque
1372 1617 1461 1664 exu-

397 1711 581 1804 berantia,
608 1709 902 1809 abundantiaque
933 1697 1100 1782 vinorum
1134 1723 1169 1781 et
1205 1707 1459 1782 artificatarum

396 1829 609 1928 potionum,
638 1826 844 1898 convivium
870 1826 997 1898 instrui
1021 1841 1129 1925 atque
1155 1827 1320 1926 apparari
1341 1825 1455 1917 fecie,

396 1943 496 2041 quod
519 1966 708 2040 nunquam
726 1966 826 2042 paene
846 1942 1117 2039 magnificentiae
1142 1942 1337 2017 consimilis
1359 1942 1458 2016 aliud

395 2060 465 2132 tale
489 2057 587 2158 apud
612 2057 752 2149 Gallos,
780 2062 978 2131 Germanos
1009 2074 1070 2133 aut
1099 2059 1289 2134 Britannos
1324 2059 1458 2133 factum

393 2175 501 2248 fuisse
519 2173 709 2246 recolatur.
732 2173 803 2247 Sed
823 2175 906 2271 quia
926 2189 1022 2247 extra
1042 2190 1206 2248 nostrum
1227 2177 1457 2275 propositum

393 2304 454 2363 e‘st¹
476 2289 567 2362 velle
607 2288 762 2388 singulas
802 2289 896 2362 illius
937 2291 1230 2390 splendidissimae
1260 2292 1456 2368 festivitatis

392 2422 511 2509 partes
526 2407 688 2506 exsequi,
710 2408 795 2506 ipsis
812 2406 860 2479 ab
875 2407 970 2502 aliis,
989 2408 1115 2481 talium
1133 2433 1253 2480 rerum
1266 2409 1452 2502 studiosis,

391 2523 600 2598 enarrandis
634 2523 827 2615 derelictis,
861 2537 987 2599 caetera
1013 2525 1115 2621 juxta
1136 2539 1308 2626 susceptae
1330 2549 1455 2598 narra-

391 2642 500 2713 tionis
516 2641 681 2713 ordinem
697 2665 970 2741 prosequamur,
989 2641 1037 2712 ad
1058 2666 1173 2716 unum
1193 2654 1333 2732 tamen,
1353 2641 1452 2739 quod

390 2757 553 2830 nondum
580 2781 599 2829 a
621 2756 725 2829 nobis
747 2755 898 2830 relatum
915 2757 1064 2846 exstitit,
1084 2770 1223 2854 gestum
1245 2757 1353 2856 paulo
1369 2772 1451 2831 ante

389 2870 596 2969 hujusmodi
632 2873 838 2972 nuptiarum
874 2886 981 2969 atque
1010 2870 1151 2949 soederis
1184 2872 1451 2972 copulationem

388 3003 618 3062 revertentes.

304 3247 307 3258 ·
428 3227 458 3286 1.
470 3223 609 3283 L’auteur
617 3222 742 3302 anticipe
753 3243 803 3282 sur
815 3222 857 3284 les
867 3224 1065 3302 erenemeuts,
1078 3246 1128 3286 car
1140 3226 1169 3286 la
1181 3226 1327 3307 princesse
1339 3226 1450 3288 d’York

385 3333 423 3374 ne
438 3305 586 3392 debarqua
599 3317 615 3372 a
630 3301 755 3372 l’Ecluse
768 3333 825 3392 que
838 3315 866 3373 le
886 3318 924 3374 at
942 3314 1007 3389 juin
1026 3319 1116 3376 teos.
1137 3320 1178 3376 Le
1193 3317 1321 3399 mariage
1339 3337 1371 3378 se
1386 3317 1417 3377 fit
1433 3320 1449 3377 a

386 3407 473 3474 Dum,
488 3401 516 3460 le
530 3405 547 3461 3
559 3401 655 3476 joillet
668 3402 794 3462 suivant.
1167 3461 1171 3466 .

426 3493 458 3592 2ἱ
479 3491 519 3550 Ge
539 3491 686 3552 festinent
702 3491 761 3554 lieu
776 3491 991 3556 ellectivement
1007 3499 1024 3555 a
1043 3500 1155 3578 Bruges
1171 3498 1199 3557 le
1214 3497 1284 3573 jour
1301 3501 1395 3560 meme
1409 3497 1450 3560 ‹tu

386 3597 524 3659 manage.
