3322 5172
246 423 250 436 s
314 383 324 404 ἱ
362 373 402 415 ¹²·

382 576 440 640 108
652 580 908 638 ΗΙΕΤΟΒΙΑΒΠΜ
927 577 1105 636 Lunovtct
1123 579 1168 635 XI

292 705 302 716 ’
383 743 417 801 et
434 729 470 800 in
489 743 543 801 tot
559 728 714 800 adversis
730 752 772 801 ac
788 753 887 826 paene
902 726 1094 830 desperatis
1111 724 1236 814 rebus,
1254 740 1327 799 tam
1343 729 1442 824 geni-

381 847 448 920 tori
473 871 539 917 suo
565 869 674 943 quam
695 846 781 938 sibi,
807 846 881 917 visa
905 845 1015 916 luerat
1033 859 1067 915 et
1089 843 1281 915 manifestis
1297 844 1442 918 indiciis

379 960 612 1060 comprobata
637 960 806 1048 adfuisse,
836 974 895 1048 ut,
925 984 999 1029 non
1027 958 1193 1042 humanis
1218 958 1353 1030 viribus
1376 975 1440 1032 aut

380 1078 573 1164 industria,
592 1075 654 1147 sed
669 1075 777 1147 solius
795 1075 858 1147 Dei
875 1074 1103 1145 miseratione
1119 1088 1153 1145 et
1174 1073 1361 1146 elementia
1382 1101 1441 1147 res

380 1193 472 1264 illius
489 1190 619 1263 domus
635 1215 655 1260 a
668 1190 772 1261 variis
786 1189 1090 1286 periculosissimis
1107 1203 1212 1284 atque
1227 1189 1442 1262 formidolo-

379 1307 425 1378 sis
441 1303 727 1402 tempestatibus,
742 1329 819 1374 non
836 1303 948 1375 morlo
962 1316 1128 1400 protectae
1143 1319 1177 1374 et
1194 1319 1358 1392 servatae,
1372 1331 1439 1376 ve-

378 1446 458 1491 rum
474 1421 580 1491 etiam
596 1419 754 1492 adauctae
772 1433 807 1490 et
823 1418 1055 1516 magnificatae
1069 1432 1311 1490 cernerentur.
1334 1423 1437 1517 Atqui

377 1557 494 1633 operae
520 1535 672 1633 pretium
698 1534 904 1626 videbatur,
925 1549 982 1624 ut,
1007 1558 1091 1605 cum
1112 1535 1279 1633 princeps
1299 1536 1375 1633 ipse
1400 1538 1438 1607 in

376 1649 512 1749 oppido
529 1649 744 1747 Mechlinbe,
764 1676 830 1748 pro
849 1649 1017 1722 omnibus
1033 1650 1105 1723 suis
1123 1650 1349 1722 inferioribus
1365 1665 1436 1722 ter-

289 1777 291 1782 “
374 1768 434 1859 ris,
449 1769 546 1866 regio
558 1795 672 1858 more,
688 1793 865 1840 summam
883 1768 1031 1857 curiam,
1046 1791 1155 1864 quam
1175 1767 1438 1839 Parlamentum

375 1883 619 1981 appellabant,
637 1884 779 1955 noviter
795 1884 993 1972 erexisset¹,
1012 1883 1193 1954 commissi
1210 1881 1255 1953 ad
1272 1883 1439 1977 hujusce-

376 1998 474 2068 modi
490 1997 626 2069 euriam
640 1997 852 2090 tenendam,
868 2024 913 2070 ne
928 1998 1003 2070 otio
1018 2013 1079 2070 aut
1092 2010 1237 2096 torpore
1249 1997 1338 2069 nibil
1351 1999 1438 2069 novi

375 2113 411 2183 in
429 2114 580 2210 patriam
596 2113 768 2184 invexisse
786 2128 1010 2211 putarentur,
1035 2111 1127 2184 illius
1148 2113 1297 2184 novitati
1318 2113 1439 2186 Parla-

374 2228 484 2298 menti
506 2226 613 2297 etiam
633 2226 728 2298 hanc
752 2230 1006 2327 importarent,
1023 2243 1062 2300 ut
1085 2253 1105 2300 e
1127 2253 1238 2324 regno
1259 2231 1434 2319 Franciae,

374 2344 411 2414 in
437 2368 510 2440 quo
531 2345 615 2414 satis
640 2343 794 2417 infausto
818 2347 960 2432 omine,
976 2345 1051 2441 jam
1079 2369 1100 2417 a
1121 2345 1231 2441 longo
1254 2357 1435 2443 tempore,

374 2456 453 2529 talis
476 2458 623 2530 inolevit
644 2459 828 2555 iniquitas,
852 2461 889 2530 in
916 2459 1163 2532 Brabantiam¹
1180 2475 1214 2531 et
1232 2459 1315 2531 alias
1334 2460 1438 2556 adja-

374 2587 494 2646 centes
524 2575 727 2672 provineias
751 2577 992 2648 advectarent.
1022 2579 1133 2646 Porro
1159 2576 1187 2647 si
1215 2591 1251 2647 et
1272 2576 1438 2674 princeps

375 2703 410 2761 et
435 2685 520 2788 ipsi,
541 2691 602 2787 qui
623 2691 698 2787 ejus
724 2690 861 2763 dictum
878 2690 1057 2770 faciebant
1074 2689 1352 2779 parlamentum,
1372 2691 1438 2764 ad·

374 2805 562 2876 vertissent
585 2804 796 2904 prudenter,
816 2806 936 2905 quod,¹
954 2808 1248 2904 quotiescumque
1269 2806 1328 2878 illa
1347 2807 1438 2903 inju-

375 2921 429 2992 ria
461 2921 650 2994 adversum
676 2925 742 2994 Dei
768 2925 932 2996 ecclesias
962 2926 998 2995 in
1027 2947 1138 3020 regno
1167 2923 1322 2995 Francia}
1351 2947 1438 3020 prae·

376 3053 519 3135 sumpta
544 3052 579 3110 et
605 3041 824 3113 exsecutioni
849 3040 978 3111 tradita
1002 3038 1088 3130 suit,
1114 3061 1299 3136 nunquam
1327 3040 1438 3112 lerme

377 3151 472 3225 illam
506 3154 652 3226 inultam
681 3180 831 3228 censura
858 3156 980 3227 divina
1008 3152 1106 3225 abire
1137 3156 1314 3252 permisit,
1346 3157 1435 3252 quin

377 3267 495 3342 clades
521 3271 573 3342 vel
598 3272 777 3344 calamitas
801 3271 919 3367 aliqua
943 3271 1090 3365 insignis
1108 3273 1178 3366 regi
1202 3287 1265 3343 aut
1287 3296 1437 3370 regnoe

377 3387 524 3482 vestigio
554 3388 777 3486 provenerit,
810 3387 1047 3460 verisimiliter
1072 3371 1217 3460 consilia
1248 3391 1283 3462 iu
1310 3389 1437 3462 melius

376 3517 673 3591 commutassent,
693 3517 799 3600 atque
817 3501 863 3573 ab
888 3503 1137 3598 huprscemodi
1163 3504 1297 3577 nefaria
1322 3506 1436 3577 indic-

377 3613 475 3688 tione
493 3617 761 3690 abstentassent.
997 3710 1001 3716 ῃ

424 3732 494 3804 Sed
508 3747 543 3804 et
554 3757 626 3804 non
642 3736 760 3808 miuus
770 3735 896 3833 vulgus
907 3735 999 3806 tertii
1012 3748 1118 3831 atque
1131 3735 1306 3810 inferioris
1318 3739 1437 3809 Status

375 3945 469 4003 statim
483 3944 672 4024 obligationes
687 3962 715 4006 et
728 3949 921 4028 chirographa
934 3948 1068 4022 rescidit,
1083 3949 1191 4009 tributa
1203 3951 1289 4010 etiam
1303 3951 1436 4011 nondum

374 4029 468 4092 levata
489 4037 649 4110 remittens,
665 4056 723 4113 quo
739 4038 809 4095 cleri
830 4051 859 4098 et
879 4038 980 4116 populi
994 4039 1122 4098 favorem
1143 4038 1198 4098 sibi
1219 4041 1397 4100 conciliaret.
1418 4065 1433 4096 ι

376 4125 501 4182 Historia
513 4130 710 4205 Episcoporum
728 4131 984 4202 Ultrajectensr'um,
1001 4150 1030 4207 p.
1048 4131 1117 4188 295.

416 4214 445 4272 l.
468 4217 513 4270 Au
529 4216 600 4274 mois
615 4215 650 4276 de
661 4215 776 4290 janvie'r
792 4220 880 4279 llll.

413 4301 442 4358 2.
466 4303 637 4364 meanttur
650 4304 721 4365 dans
732 4305 760 4366 le
774 4324 827 4366 ms.
