3402 5186
633 520 743 578 LIBER
762 521 911 577 PRIMUS.
1258 525 1297 580 49

245 653 363 742 batur,
382 652 603 748 statimquea
617 649 797 722 Ludovico
810 649 939 746 regalia
949 675 1012 746 per
1024 665 1138 722 totum
1151 675 1299 747 regnum

244 767 413 840 mandata
436 780 701 863 processerunt,
728 765 926 837 intimantia
951 765 1102 860 qualiter
1121 791 1182 837 rex
1206 771 1299 839 Hen-

243 885 318 956 rico
347 897 383 954 et
411 883 540 976 reginae
571 880 719 978 praelatis
750 880 879 952 auxilia
907 881 1014 951 totius
1043 882 1141 975 regni
1167 881 1300 954 viribus

244 1012 408 1098 praestare
426 1011 461 1070 et
476 996 609 1068 bellum
629 995 797 1068 Eduardo
818 996 948 1067 inferre
963 996 1192 1084 decernebat3
1213 1024 1302 1097 prae·

245 1113 410 1212 cipiendo
427 1111 593 1185 omnibus
611 1113 709 1209 regni
724 1111 943 1210 principibus
957 1127 991 1183 et
1004 1113 1158 1184 vassallis
1169 1137 1210 1185 ac
1221 1114 1303 1185 sub·

245 1227 327 1300 ditis
339 1227 625 1324 quibuscumque
636 1240 671 1298 et
683 1226 938 1323 cujuscumque
949 1240 1058 1298 status
1074 1243 1135 1300 aut
1147 1223 1303 1300 eminen-

245 1345 299 1416 riae
324 1344 458 1432 forent,
479 1357 655 1440 quatenus
680 1342 812 1414 eisdem
834 1342 908 1436 regi
936 1343 1090 1414 Henrico
1116 1357 1152 1414 et
1175 1345 1304 1442 reginae

244 1483 461 1555 suarumque
489 1455 685 1529 fautoribus
714 1473 749 1528 et
768 1455 1010 1529 'sectatoribus
1038 1460 1193 1555 partium
1224 1484 1302 1531 om-

245 1598 328 1645 nem
345 1574 505 1646 favorem
528 1596 709 1667 omneque
730 1571 962 1668 humanitatis
986 1595 1027 1644 ac
1047 1571 1304 1647 benevolentia

245 1687 403 1760 officium
434 1687 660 1778 exhiberent3
693 1688 729 1758 in
762 1687 967 1760 Edoardum
1004 1703 1145 1780 autem,
1176 1714 1302 1760 eorum

245 1802 385 1876 hostem
409 1818 444 1875 et
459 1804 558 1898 regni
574 1804 776 1875 invasorem
800 1816 906 1901 atque
923 1817 1174 1902 occupatorem
1195 1805 1306 1901 iujus-

248 1932 342 2010 tum,
378 1919 629 2016 studiososque
661 1933 696 1990 et
724 1918 927 1990 defensores
957 1942 1102 1990 suarum
1127 1921 1302 2018 partium,

247 2037 370 2106 omnia
390 2034 537 2108 velutin
562 2034 700 2107 hostem
720 2050 881 2132 gererent
904 2049 1011 2133 atque
1029 2052 1242 2110 exercerent.
1264 2042 1306 2107 Et

245 2150 316 2221 boc
329 2151 474 2246 quidem
491 2150 601 2221 modo
616 2148 733 2222 verbis
745 2164 851 2247 atque
864 2151 1057 2244 mandatis,
1072 2153 1222 2252 praelatis
1234 2153 1307 2248 regi

247 2266 400 2336 Henrico
424 2279 460 2336 et
483 2264 558 2360 ejus
580 2265 744 2359 conjugi,
765 2263 954 2362 dupliciter
970 2266 1042 2336 suis
1058 2266 1303 2356 consobrinis,

247 2406 309 2452 rex
325 2387 542 2453 Francorum
561 2380 763 2452 Ludovicus
777 2380 904 2452 auxilia
916 2396 951 2452 et
964 2382 1087 2454 solatia
1100 2383 1249 2474 ferebat3
1266 2409 1305 2456 re

247 2511 366 2568 autem
393 2497 489 2594 ipsa,
517 2494 605 2592 quid
631 2495 751 2565 animo
769 2496 930 2590 gestiret,
958 2520 1111 2591 quamve
1137 2513 1305 2570 constans

246 2612 284 2684 iu
301 2612 402 2685 dictis
413 2613 665 2710 promissaeque
681 2609 765 2681 fidei
780 2625 885 2681 tenax
902 2627 1010 2700 esset,
1029 2626 1170 2684 secutus
1184 2637 1303 2684 rerum

247 2729 481 2801 manifestavit
498 2741 658 2800 eventus.
1064 2719 1065 2724 ’

295 2848 377 2916 Erat
402 2857 478 2916 tum
504 2868 524 2914 e
551 2844 631 2939 fuga
655 2857 691 2915 et
714 2841 857 2914 latebris
880 2843 1049 2939 (quibus,
1068 2845 1188 2914 surore
1214 2846 1304 2941 regis

247 2959 431 3054 saeviente,
451 2985 526 3032 sese
545 2959 708 3031 occulere
730 2983 873 3030 necesse
893 2959 1087 3055 habuemt)
1104 2961 1304 3056 quomodo·

246 3099 399 3173 cumque
415 3075 660 3148 reconciliatus
677 3091 843 3147 strenuus
859 3077 978 3167 miles,
995 3077 1161 3148 dominus
1179 3081 1303 3149 Petrus

247 3187 293 3261 de
307 3186 411 3262 Brez'i
420 3245 429 3282 ,
450 3190 495 3262 de
515 3215 588 3287 quo
608 3214 715 3287 supra
730 3191 984 3263 meminimus¹.
1004 3196 1107 3263 Hunc
1124 3192 1302 3290 perditum

246 3306 289 3376 iri
307 3309 453 3406 cupiens
478 3332 556 3396 rex,
578 3306 680 3402 quasi
707 3306 778 3378 suis
795 3305 1020 3378 consobrinis
1039 3308 1155 3380 valida
1173 3308 1302 3380 auxilia

247 3425 535 3511 transmissurus,
566 3422 726 3516 trajicere
753 3421 789 3492 in
819 3424 973 3495 Scotiam
996 3424 1122 3518 jussit;
1147 3424 1208 3494 sed
1236 3447 1303 3494 nec

247 3539 395 3612 classem
405 3540 451 3630 ei,
468 3564 535 3610 nec
548 3539 709 3610 militiam
722 3538 891 3634 aliquam,
907 3564 969 3610 seu
983 3539 1237 3634 colligendam,
1257 3540 1303 3612 ad

246 3655 423 3753 stipendia
443 3653 616 3726 militibus
633 3652 813 3738 iacienda,
829 3653 1018 3752 pecuniam
1031 3652 1185 3750 aliquam
1204 3656 1305 3725 mini·

248 3772 398 3842 stravit¹.
416 3775 504 3842 Cum
522 3795 605 3842 vero
628 3769 687 3842 tali
707 3793 855 3840 munere
870 3769 934 3864 (sic
952 3770 1166 3868 imparatum
1182 3794 1304 3842 neces·

288 3997 316 4052 l.
340 3993 501 4070 Ci-dessus,
516 4015 546 4074 p.
563 4002 592 4056 5.

288 4089 318 4145 2.
341 4087 365 4144 ll
381 4098 423 4144 est
437 4085 597 4157 demontre,
613 4106 666 4166 par
683 4105 722 4144 un
735 4095 797 4143 acte
812 4084 850 4144 du
863 4086 966 4144 Tresor
980 4085 1030 4144 des
1041 4085 1159 4146 Chartes
1173 4090 1185 4160 (
1189 4089 1205 4144 J
1210 4131 1217 4148 .
1231 4089 1305 4162 008,

247 4195 278 4235 n.
296 4177 348 4252 2),
366 4173 437 4253 qu’il
454 4177 534 4252 preta
552 4178 590 4234 20
605 4179 663 4233 000
680 4174 784 4244 livres,
805 4172 874 4232 dont
889 4174 982 4234 Calais
996 4174 1093 4234 devait
1106 4177 1166 4235 dtre
1182 4174 1210 4233 le
1224 4194 1305 4255 gage.
1364 4173 1367 4178 ’

246 4264 399 4338 Micbelet,
415 4268 538 4323 Histoire
552 4267 589 4321 de
602 4269 727 4339 France,
742 4276 762 4322 t.
778 4265 828 4338 vl,
844 4284 875 4343 p.
891 4265 939 4322 ill.

407 4393 435 4430 11
1127 4374 1146 4430 4
