3272 5182
550 541 670 624 unna
689 569 890 628 sncuuous.
1191 574 1244 630 att

191 725 301 797 aquo
314 701 423 790 enim,
437 724 481 772 ne
498 699 535 770 id
550 725 664 802 poenee
679 701 888 801 suppliciive
902 699 1035 774 subiret
1051 703 1252 776 incommo-

145 881 148 890 .
192 815 293 904 dum,
310 839 377 888 nec
390 815 494 910 regis,
511 839 590 911 quac
603 830 676 888 tam
692 817 878 914 singularis
890 833 926 889 et
939 832 1011 890 tam
1024 819 1095 891 fida
1107 819 1151 890 ad
1166 845 1249 892 eum

193 929 324 1021 luerat,
343 932 496 1002 amicitia
514 932 657 1023 tutavit,
677 957 744 1004 nec
762 933 932 1032 Apollinis
949 934 1060 1008 insula
1076 935 1175 1007 texit.
1224 1005 1227 1012 ,

243 1051 284 1117 Et
302 1071 348 1118 ne
369 1044 465 1117 solus
482 1061 517 1118 et
531 1047 606 1118 sine
623 1047 759 1145 collega
775 1049 859 1121 talia
874 1050 946 1121 otia
962 1051 1038 1122 sine
1061 1051 1252 1124 comitatus

192 1161 319 1234 solatio
342 1163 594 1260 pertransiret,
615 1161 758 1236 additus
775 1179 827 1236 est
844 1165 910 1237 sibi
929 1166 1047 1238 socius
1064 1166 1253 1264 episcopus

196 1276 457 1371 Virduncnsis¹‚
482 1303 590 1375 quern
611 1303 670 1350 rex
693 1280 768 1377 ipse
795 1280 980 1377 paululum
1011 1296 1094 1352 aute
1120 1307 1141 1354 a
1168 1307 1254 1354 con·

193 1393 303 1465 sartio
323 1379 483 1489 germani
499 1395 570 1484 sui,
592 1396 730 1490 magnis
751 1395 959 1483 muneribus
977 1405 1082 1494 atque
1101 1399 1254 1495 promis·

193 1509 354 1582 sionibus
384 1510 558 1602 illectum,
587 1510 698 1583 adse
728 1525 928 1583 attraxerat.
962 1513 1129 1607 Ejusdem
1158 1515 1256 1586 enim

194 1627 353 1723 germani
365 1628 456 1723 regis
471 1627 614 1698 servitio
628 1652 666 1699 se
679 1627 903 1699 voluntarius
915 1625 1110 1718 addixerat,
1127 1643 1257 1701 etcum

194 1765 239 1814 eo
261 1767 401 1841 semper
419 1744 534 1814 suerat
550 1741 596 1814 ab
611 1751 656 1814 eo
673 1758 853 1841 tempore,
875 1768 950 1840 quo
970 1769 1083 1843 prope
1105 1731 1257 1818 Parisios

194 1858 365 1932 ducatum
391 1861 619 1932 Normanniae
652 1859 908 1957 possidendum
944 1874 1136 1958 receperat.
1166 1865 1258 1934 Cum

194 2001 280 2048 vcro
297 1976 450 2075 cupidus
467 1991 502 2048 et
519 1977 730 2050 ambitiosus
749 1976 946 2049 admodum
967 1978 1074 2066 soret,
1096 1995 1131 2051 et
1152 1980 1258 2051 mori-

195 2090 261 2164 bus
286 2118 328 2164 ac
349 2093 423 2164 vita
444 2095 526 2164 satis
549 2092 641 2166 male
666 2093 837 2185 samatus,
864 2109 1037 2190 tanquam
1060 2094 1168 2177 hamo
1191 2094 1258 2166 sub

195 2233 274 2282 esca
290 2209 449 2299 obtectu,
469 2235 532 2306 spc
550 2233 759 2306 magnarum
776 2209 1006 2307 pensionum,
1026 2211 1257 2283 commenda·

196 2345 282 2398 rum·
297 2350 339 2398 ac
359 2327 613 2414 cardinalatus,
640 2351 704 2425 per
725 2309 909 2422 regem'et
938 2329 1048 2425 ipsius
1076 2330 1258 2402 favoribus

196 2445 522 2540 assequendorum,
541 2444 728 2542 pellcctus,
747 2442 935 2514 dominum
958 2468 1062 2513 suum
1081 2445 1257 2540 optimum

197 2559 373 2659 prodidit,
393 2560 491 2632 etad
511 2585 631 2656 regern
648 2559 807 2632 accessit.
828 2561 945 2645 Quem
961 2561 1096 2651 statim,
1116 2560 1258 2656 qualem
1275 2575 1279 2584 '

197 2676 273 2774 ipse
292 2691 470 2748 meruerat
487 2674 638 2762 hahere,
657 2673 821 2775 offendit.
843 2673 896 2744 Ab
917 2697 962 2743 eo
984 2673 1079 2744 enim
1101 2673 1167 2745 luit
1184 2677 1258 2774 ipse

197 2791 389 2864 incarcere
406 2791 564 2862 reclusus
581 2816 664 2863 cum
681 2790 777 2862 dicto
795 2788 980 2860 Boletaria
996 2814 1069 2886 quo
1082 2790 1155 2886 jam
1171 2815 1258 2888 qua·

199 2906 403 2980 drienniurn
421 2933 504 2980 cnm
524 2908 644 2980 medio
663 2906 773 2978 ferme
793 2930 907 2996 arrrro,
929 2905 1083 3002 peregit,
1103 2905 1259 2979 incertus

198 3023 227 3096 si
244 3047 402 3119 unquam
420 3023 505 3094 inde
521 3023 626 3094 suerit
642 3022 812 3094 exiturus.

246 3139 407 3210 Tentavit
422 3154 543 3210 autcm
559 3163 620 3210 rex
635 3151 669 3210 et
687 3137 796 3209 alium
815 3133 1009 3234 quemdam
1022 3133 1197 3206 Thomam
1215 3135 1260 3208 de

199 3255 368 3345 Loralle¹‚
392 3255 505 3326 civem
529 3255 808 3344 Cadomensem‚
834 3250 991 3350 probum
1013 3253 1132 3323 virum
1154 3267 1261 3351 atque

199 3367 341 3442 fidelem
359 3385 394 3442 ct
408 3384 645 3460 constantem,
666 3371 728 3467 qui
747 3369 939 3466 plurimum
958 3368 1102 3464 ingenio
1119 3382 1155 3439 et
1171 3394 1259 3466 pru-

144 3579 153 3604 s
198 3485 333 3581 dentia,
355 3502 393 3560 nt
408 3487 521 3560 homo
536 3487 660 3578 laicus,
679 3485 842 3575 callebat,
862 3485 908 3556 ab
921 3486 1082 3593 ejusdem
1102 3489 1262 3584 germani

199 3604 255 3675 sui
276 3606 418 3676 servitio
438 3604 643 3676 abstrahere
662 3619 697 3675 et
715 3602 762 3674 ad
780 3627 818 3673 se
837 3601 977 3673 trahere
996 3629 1005 3674 ε
1026 3604 1126 3700 quod
1144 3618 1262 3676 tamen

200 3722 347 3794 minime
360 3721 499 3796 efficere
512 3721 641 3820 potuit.
657 3719 762 3817 Atqui
774 3739 856 3790 cum
874 3741 941 3816 pro
959 3734 1044 3790 roto
1059 3719 1130 3792 hoc
1146 3722 1263 3819 ipsum

199 3837 315 3910 lacere
333 3839 564 3935 nequivisset,
581 3863 655 3911 non
672 3837 786 3908 multo
800 3849 883 3934 post
897 3835 994 3908 idem
1006 3837 1162 3910 Thomas
1181 3863 1264 3911 cum

199 3952 345 4025 duobus
362 3969 422 4026 aut
439 3953 552 4026 trihus
571 3954 617 4026 de
634 3954 746 4026 domo
762 3967 798 4024 et
815 3951 946 4026 familia
962 3979 1027 4027 sua
1045 3977 1187 4026 veneno
1204 3977 1265 4025 ex-

244 4233 271 4288 l.
297 4229 462 4304 Guillaume
477 4227 513 4287 de
527 4231 719 4286 Haraucourt.

243 4323 271 4377 2.
294 4320 418 4378 Thomas
432 4317 468 4376 de
481 4316 621 4376 l'Oraille.
640 4315 664 4373 ll
679 4313 756 4374 avait
768 4315 814 4374 dte
829 4315 908 4375 huilli
922 4315 958 4376 de
972 4320 1059 4376 Caeu.
