3322 5172
327 575 385 632 420
597 567 854 628 ntsrontlntttt
877 565 1053 624 Lunovtct
1072 567 1114 623 Xl

328 729 407 779 rare
430 701 615 802 potuisset.
635 703 769 771 Verum
793 697 888 796 ipse,
915 709 954 768 ut
979 719 1070 794 saepe
1095 719 1173 766 mos
1195 699 1269 767 esse
1293 694 1381 767 solet

330 816 570 921 principibus,
590 838 656 886 suo
674 812 789 886 fidens
807 812 927 884 sensui
945 826 981 883 et
997 808 1167 901 consilio,
1189 824 1241 903 et,
1260 824 1386 882 contra

329 935 504 1037 Sapientis
523 945 757 1034 praeceptum,
778 955 850 1002 suae
870 929 976 1001 nimis
992 928 1149 1000 innitens
1168 925 1383 1025 prudentiae,

329 1056 540 1154 plerumque
552 1051 689 1148 rejectis
700 1047 855 1120 consiliis
864 1047 972 1137 sanis,
986 1046 1043 1118 vel
1051 1069 1180 1144 parum
1189 1044 1385 1144 perpensis,

328 1198 371 1245 ex
388 1169 563 1244 sententia
577 1190 641 1238 sua
656 1164 829 1261 quidnam
844 1161 922 1234 fieri
938 1159 1044 1234 vellet
1058 1160 1285 1234 decernebat.
1300 1163 1389 1248 Quae

327 1312 384 1362 res
400 1284 560 1386 prolecto
575 1280 740 1352 ultimum
754 1278 822 1350 sibi
836 1276 954 1350 intulit
971 1277 1131 1349 exitium.
1151 1281 1241 1348 Nam
1253 1277 1281 1348 si
1295 1276 1389 1348 sanis

328 1399 561 1498 acquievisset
583 1393 759 1485 consiliis,
785 1394 883 1494 pacis
907 1392 1041 1467 foedera
1063 1417 1146 1466 cum
1169 1397 1389 1466 Francorum

328 1539 411 1612 rege
428 1525 503 1584 toto
521 1511 713 1611 quaesiisset
731 1510 873 1586 annisu.
899 1508 951 1583 ld
970 1534 1050 1608 quae
1071 1510 1100 1581 si
1119 1509 1293 1608 potuisset
1308 1531 1391 1607 per-

329 1632 464 1721 venire,
482 1644 522 1701 nt
537 1627 717 1728 putebant
728 1627 823 1700 sactu
836 1627 936 1700 facile
950 1628 1140 1725 sapientes,
1157 1652 1233 1700 non
1247 1650 1391 1700 necesse
1444 1679 1448 1686 -

329 1747 511 1822 habuisset
536 1760 590 1818 tot
614 1770 651 1817 se
678 1742 861 1817 involvere
884 1740 1176 1843 perplexitatibus
1203 1759 1281 1815 tum
1309 1767 1391 1841 erge

329 1866 484 1956 vicinos,
503 1877 581 1935 tum
596 1884 679 1957 erga
695 1860 858 1933 subditos
876 1885 976 1952 snos,
997 1860 1060 1960 qui
1076 1859 1121 1933 ab
1138 1861 1216 1959 ipso
1231 1884 1274 1932 ea
1288 1884 1392 1932 occa-

330 1982 432 2053 sione
450 1977 664 2077 gravissimis
682 1975 914 2072 vectigalibus
933 1989 969 2047 et
985 1974 1238 2048 collationibus
1253 2000 1393 2077 preme-

330 2096 475 2170 bantur.
491 2098 536 2166 Et
548 2093 632 2165 licet
645 2091 730 2164 bina
745 2106 808 2164 eut
824 2093 918 2165 trina
930 2093 1027 2193 pacis
1041 2092 1135 2164 initae
1152 2092 1287 2165 foedera
1302 2093 1394 2163 inter

331 2213 441 2309 ipsos,
453 2207 617 2280 maximis
630 2207 800 2282 roborata
809 2208 1054 2303 sacramentis,
1067 2233 1129 2281 rer
1137 2209 1221 2281 satis
1232 2207 1396 2306 nequiter

332 2325 530 2424 abrupisset
541 2338 577 2396 et
589 2324 756 2397 violasset
771 2324 940 2422 (maxime
951 2323 1000 2396 ob
1014 2339 1123 2398 terras
1134 2349 1278 2399 coronae
1290 2329 1396 2396 Fran·

334 2467 461 2515 corum
477 2456 676 2542 spectantes
692 2441 739 2514 ab
755 2442 922 2540 antiqu0,
943 2465 1033 2541 quas
1050 2457 1124 2514 tam
1142 2442 1218 2542 ipse
1234 2447 1394 2540 Burgun-

333 2557 484 2630 dionum
494 2556 568 2629 dux
579 2581 689 2652 quam
700 2571 800 2655 pater
812 2581 897 2628 snus
908 2555 1125 2656 paciscendo
1138 2556 1394 2656 acceperant¹),

334 2687 598 2775 proptereaque
611 2672 770 2745 baesitare
784 2686 924 2773 poterat
935 2671 1015 2769 jure
1029 2687 1064 2746 et
1080 2671 1243 2747 diffidere
1259 2671 1306 2746 de
1321 2672 1399 2772 qui·

336 2787 475 2887 busque
497 2786 796 2888 promissionibus
815 2787 923 2886 regis,
946 2788 1066 2860 minus
1087 2803 1207 2864 temen
1228 2790 1261 2861 ei
1283 2811 1398 2861 nocu-

337 2906 576 3004 menti-atque
595 2903 937 3004 impedimentorum
954 2905 1197 3002 importasset,
1219 2929 1302 2978 cum
1320 2907 1398 3006 ipso

339 3047 422 3121 rege
437 3047 564 3123 pacem
584 3021 777 3112 conciliare
799 3021 890 3120 (esto
909 3023 1016 3094 etiam
1037 3022 1138 3121 quod
1157 3036 1258 3095 terrae
1275 3021 1401 3120 hujus-

339 3138 457 3230 modi,
477 3140 525 3213 ad
541 3164 715 3213 coronam
732 3138 780 3210 ab
797 3139 948 3235 antiquo
967 3153 1183 3239 spectantes,
1205 3141 1238 3212 ei
1257 3155 1400 3214 contra-

340 3257 469 3331 dendoe
494 3274 601 3356 atque
627 3256 854 3330 restituendae
873 3255 1061 3356 fuissent),
1084 3281 1193 3356 quam
1220 3273 1326 3332 tante
1349 3260 1401 3333 rei

340 3373 484 3472 pondus
499 3390 535 3448 et
553 3376 703 3467 molem,
724 3372 829 3470 quale
845 3386 898 3444 est
915 3399 999 3447 cnm
1015 3389 1089 3447 tam
1107 3391 1254 3476 potente
1270 3391 1305 3449 et
1321 3365 1403 3449 fini·

341 3487 431 3561 timo
447 3514 529 3587 rege
545 3488 679 3562 bellum
694 3513 831 3589 gerere,
849 3490 921 3561 suis
937 3489 1001 3563 diu
1015 3491 1175 3565 humeris
1190 3495 1375 3565 sustinere.

393 3607 568 3678 Potuisset
580 3607 690 3693 enim,
709 3607 739 3679 si
752 3631 879 3707 pacem
891 3632 974 3680 cum
988 3609 1066 3709 ipso
1080 3611 1286 3705 invenisset,
1300 3613 1402 3711 qnie-

342 3739 399 3798 tus
408 3739 444 3798 et
453 3723 623 3824 pacificus
632 3727 766 3819 vivens,
780 3725 942 3799 subditos
951 3751 1035 3800 snos
1044 3743 1080 3800 et
1088 3744 1199 3804 terras
1209 3731 1405 3832 locupletes

342 3855 378 3914 et
399 3842 589 3941 opulentos
610 3841 778 3936 reddere3
801 3867 928 3942 seque,
952 3843 983 3916 si
1002 3843 1048 3917 de
1069 3845 1165 3943 regia
1185 3843 1256 3919 lide
1275 3871 1404 3947 parum

383 4134 412 4190 l.
435 4132 618 4192 G’est-adire
635 4089 683 4191 les
696 4130 803 4192 comtes
817 4130 853 4192 de
866 4131 970 4192 Micon
984 4145 1013 4194 et
1027 4131 1205 4210 d’Auxerre,
1219 4132 1407 4196 abandonnts

343 4240 395 4302 par
408 4219 435 4280 le
453 4221 537 4280 truite
554 4219 688 4295 d’Arras,
704 4233 732 4279 et
748 4220 792 4280 les
809 4222 893 4284 villes
912 4221 949 4282 de
968 4223 1115 4301 Picardie,
1130 4223 1223 4298 objets
1240 4225 1291 4285 des
1309 4225 1406 4286 traite's

340 4309 377 4368 de
387 4309 520 4370 Constans
531 4321 560 4369 et
573 4309 610 4369 de
624 4309 766 4372 peronne.
