3282 5168
361 515 418 572 332
633 510 889 568 fllsronltuum
909 509 1087 566 Luuovlct
1107 509 1149 564 xl

411 644 634 718 Rebellarant
655 644 731 740 jam
753 657 835 715 ante
861 643 986 716 omnia
1008 642 1119 714 ferme
1144 642 1280 740 oppida
1303 657 1339 715 et
1356 667 1424 715 ca-

361 760 460 838 stella
488 759 649 856 ejusdem
674 759 883 846 comitatus,
909 771 945 830 et
967 756 1260 838 inimicosvalde
1283 758 1425 832 animos

362 876 408 950 ad
427 875 699 973 Burgundiones
715 899 842 947 omnes
863 875 955 946 illius
971 889 1072 946 terrae
1090 873 1220 946 accolae
1237 873 1422 970 gerebant.

363 992 484 1083 Unde,
509 1017 593 1065 curn
615 990 751 1089 ubique
767 1014 867 1088 paene
889 989 1055 1062 locorum
1077 989 1181 1062 dictis
1199 990 1426 1086 Burgundio-

363 1109 469 1182 nibus
485 1106 530 1180 de
548 1107 691 1179 Brisaco
716 1106 826 1204 pulsis
850 1107 1031 1178 arusticis
1050 1105 1171 1205 patriae
1192 1105 1328 1178 insidiae
1352 1119 1428 1178 ten·

363 1223 545 1309 darentur,
575 1247 650 1295 non
682 1222 758 1294 sine
789 1223 952 1294 maximis
982 1221 1173 1295 insultibus
1198 1237 1234 1294 et
1260 1221 1428 1321 periculis

365 1340 487 1412 multis
504 1337 797 1439 particularibus,
817 1362 854 1411 se
870 1338 908 1408 in
926 1337 1168 1435 Burgundiam
1185 1338 1343 1438 recipere
1360 1363 1428 1437 po·

363 1470 510 1528 tuerunt
535 1481 544 1524 :
567 1478 642 1552 quo
674 1447 795 1525 tamen
827 1453 990 1546 tandem,
1016 1451 1226 1551 hujusmodi
1254 1455 1429 1554 superatis

364 1570 552 1672 periculis,
582 1594 618 1643 se
644 1569 876 1642 contulerunt
902 1568 1115 1642 incolumes.
1150 1569 1260 1642 Paulo
1289 1574 1430 1643 autem¹

259 1677 265 1687 ⁵
366 1702 459 1787 post,
479 1687 616 1760 dictum
633 1685 888 1774 Hachenboelz,
906 1710 1017 1784 quem
1035 1687 1153 1758 omnis
1169 1686 1325 1787 populus
1346 1711 1428 1786 par·-

366 1804 455 1875 tium
477 1803 635 1888 illarum,
656 1817 729 1874 tarn
751 1801 927 1875 nobilium
948 1819 984 1875 et
1003 1801 1210 1877 militarium
1226 1827 1336 1898 quam
1357 1801 1430 1902 ple-

366 1919 548 2013 beiorum,
577 1921 713 2016 ingenti
743 1919 1054 2020 prosequebantur
1080 1919 1190 2010 odio,
1214 1919 1309 1993 sacto
1337 1943 1432 1992 con-

367 2051 474 2116 ventu
491 2033 650 2142 ,wblioo
683 2053 726 2109 ex
764 2037 975 2136 proceribus
1008 2050 1043 2108 et
1075 2037 1208 2108 accolis
1244 2034 1431 2111 civitatum

269 2147 271 2150 ’
369 2152 587 2244 vicinarum,
623 2153 661 2223 in
692 2151 871 2248 judicium
908 2151 1123 2244 adductum,
1157 2166 1192 2223 et
1224 2150 1271 2224 de
1310 2151 1432 2224 multis

367 2282 576 2341 accusatum
604 2283 731 2365 atque,
760 2270 812 2341 uti
838 2269 986 2358 aiebant,
1008 2264 1042 2340 et
1067 2267 1174 2365 vulgo
1197 2268 1428 2364 Jaotitabant,

369 2385 576 2456 convictum
593 2384 820 2476 criminibus,
840 2383 1016 2483 supplicio
1032 2381 1241 2456 affecerunt.

702 2744 978 2816 'CAPlTllLUM
1013 2745 1073 2813 XI.

402 2947 403 2950 ’
476 2949 595 3032 Qualiter
605 2947 765 3021 burgundia
781 2947 835 3002 dux
851 2947 942 3022 posuit
956 2947 1124 3002 obsidionem
1138 2947 1174 3002 ad
1186 2948 1323 3014 Nutriant,

665 3028 796 3102 oppidum
812 3029 926 3084 ecclesie
940 3028 1135 3084 Coloniensis¹.

421 3215 508 3300 Quae
532 3233 615 3282 cum
632 3209 708 3305 jam
729 3207 835 3280 luisse
859 3203 1014 3280 factitata
1037 3205 1181 3279 illustris
1207 3204 1435 3304 burgundio·

360 3350 461 3424 ,num
474 3325 547 3396 dux
565 3323 746 3412 audiisset,
761 3348 870 3421 seque
886 3325 933 3395 ita
948 3324 1004 3396 sui
1017 3323 1208 3395 comitatus
1220 3323 1435 3396 Ferretensis

374 3440 597 3538 possessione
614 3439 823 3544 spoliatum,
844 3465 952 3538 quem
967 3439 1089 3539 paucis
1105 3454 1188 3512 ante
1202 3440 1305 3512 annis
1321 3438 1435 3510 multo

282 3647 286 3655 f
374 3570 508 3628 emerat
522 3579 631 3649 auro,
650 3570 686 3628 et
701 3555 912 3658 rebellantes
924 3554 1106 3648 subditos,
1123 3579 1196 3628 ase
1212 3553 1441 3646 deficientes,

373 3670 551 3744 venditori
569 3671 704 3765 eidem,
723 3697 833 3771 aquo
848 3673 922 3771 ipse
938 3696 1022 3743 eum
1039 3686 1191 3766 emerat,
1209 3696 1285 3744 sese
1309 3669 1437 3744 redhi-

258 3849 262 3858 .
373 3789 493 3863 buisse
510 3803 544 3861 et
566 3789 689 3861 denuo
715 3788 926 3876 tradidisse,
950 3787 1116 3885 gravibus
1142 3789 1192 3862 ira
1214 3801 1320 3886 atque
1342 3785 1438 3858 indi-

375 3907 544 4003 gnatione
567 3905 735 3978 adversus
751 3930 813 3978 eos
833 3903 1035 3989 incanduit,
1061 3904 1221 4002 cogitans
1241 3904 1436 4002 (quatenus

416 4173 445 4228 l.
470 4175 544 4228 Ante
558 4168 629 4227 dans
644 4167 671 4227 le
682 4187 736 4228 ms.
791 4219 793 4224 ,

304 4283 307 4290 ’
415 4261 444 4320 2.
467 4259 602 4339 Cbapitre
616 4255 750 4337 imprime
765 4257 836 4316 dans
845 4257 1194 4334 l’Ample'asr‘firaeolleetio,
1205 4269 1227 4317 t.
1239 4259 1289 4332 1v,
1300 4256 1433 4316 enlm.
