3272 5182
394 529 453 586 230
664 530 920 590 HISTORIARUM
940 531 1118 590 LUDOVICI
1138 533 1181 590 XI

393 663 537 760 Angliae,
553 678 747 760 cognatum
761 688 866 736 suum
879 663 1141 758 charissimum,
1156 667 1193 737 in
1207 666 1457 764 captivitatem

391 794 499 878 atque
513 782 548 858 in
564 780 770 854 servitutem
786 780 928 852 miserat
940 795 975 852 et
990 781 1174 856 detinebat
1191 783 1228 852 in
1239 784 1341 853 Turri
1356 787 1457 854 Lon·

390 895 599 982 doniarum3
625 896 806 992 fugaverat
827 897 972 995 insuper
988 899 1239 993 Margaretam,
1258 912 1454 994 cognatam

389 1031 513 1102 suam,
540 1025 690 1083 matrem
722 1010 856 1109 praesati
884 1013 1057 1110 principis
1085 1013 1233 1104 Walliae,
1262 1037 1336 1085 una
1368 1039 1459 1086 cum

391 1125 519 1200 eodem
540 1126 721 1224 principe,
751 1124 824 1197 filio
850 1152 937 1215 suo,
965 1127 1189 1226 praetendens
1211 1127 1365 1200 totaliter
1386 1129 1455 1202 de·

390 1257 527 1318 struere
567 1241 712 1314 eosdem
754 1244 948 1316 Henricum
984 1269 1104 1340 regem
1146 1258 1181 1316 et
1217 1247 1454 1341 Margaretam

390 1358 594 1460 predictam
618 1372 654 1431 et.
681 1359 791 1456 ipsius
814 1358 949 1452 filium,
983 1375 1160 1457 cognatos
1185 1387 1290 1452 suos,
1322 1361 1470 1459 quibus.

390 1499 531 1572 semper
555 1475 629 1572 ipse
652 1473 790 1548 favores
811 1499 895 1548 suos
917 1490 953 1548 et
973 1475 1102 1548 auxilia
1128 1475 1382 1576 impendisset,
1409 1502 1456 1550 ac

392 1592 499 1664 ctiam
516 1617 553 1691 se
570 1593 718 1692 ipsum¹.

441 1712 523 1781 Haec
537 1709 681 1780 suerunt
695 1708 932 1800 tenor„verba
945 1723 1051 1808 atque
1068 1710 1243 1783 sententia
1253 1712 1455 1784 litterarum

391 1826 809 1924 Francorumregis,quae
818 1827 969 1898 inventae
978 1827 1123 1899 suerunt
1134 1828 1171 1899 in
1183 1827 1335 1900 archivis
1343 1829 1457 1928 ipsius

306 1921 313 1934 ⁶
394 1940 572 2032 Edoardi‚
597 1955 786 2039 postquam
812 1957 1018 2041 peremptus
1038 1944 1125 2037 suit,
1146 1944 1456 2042 quemadmodum

394 2055 504 2156 paulo
537 2069 619 2153 post
645 2081 711 2128 suo
744 2057 870 2130 ordine
902 2059 1106 2132 reseremus.
1137 2065 1243 2152 Quae,
1278 2077 1454 2158 quantum

393 2171 496 2262 fidei,
523 2172 665 2269 justitiae
693 2187 728 2246 et
758 2174 913 2246 veritatis
937 2177 1195 2267 continerent,
1213 2178 1243 2248 si
1272 2177 1455 2275 sapienter

394 2288 491 2361 idem
512 2313 572 2360 rex
594 2289 916 2382 animadvertisset,
936 2292 1010 2364 imo
1027 2294 1056 2364 si
1079 2294 1455 2393 quantulumcumque

395 2403 479 2475 fidei
498 2419 533 2476 et
555 2405 752 2505 prudentiae
776 2406 975 2497 habuisset,
997 2434 1072 2480 non
1095 2409 1206 2481 modo
1228 2410 1371 2484 tradere
1397 2435 1459 2484 eas

397 2521 453 2592 vel
469 2523 691 2611 consentire,
711 2547 837 2594 verum
859 2523 967 2595 etiam
987 2524 1142 2621 cogitare
1167 2524 1375 2598 erubescere
1393 2525 1459 2598 de-

395 2635 542 2717 buisset.
571 2636 766 2725 Quomodo
789 2639 886 2711 enim
912 2663 988 2712 non
1011 2640 1160 2713 timebat
1183 2665 1250 2714 nec
1270 2641 1460 2716 verebatur

398 2753 582 2827 offendere
611 2759 728 2830 Deum
749 2779 923 2852 suamque
942 2753 1076 2849 fidem,
1095 2755 1204 2828 decus
1224 2781 1333 2829 omne
1350 2772 1461 2854 atque

397 2869 575 2942 honorem
585 2869 723 2944 violare
743 2885 778 2943 et
796 2872 1032 2969 exstinguere,
1048 2873 1125 2970 qui,
1140 2871 1246 2970 paulo
1264 2873 1345 2973 plus
1359 2874 1462 2946 bien·

398 2987 461 3058 nio
481 3002 578 3077 ante,
596 2987 694 3086 apud
711 2993 887 3060 Peronam
904 3002 1032 3087 sponte
1047 3014 1131 3078 sua,
1149 3003 1300 3085 cogente
1313 3013 1462 3089 prorsus

399 3106 542 3178 nemine
553 3107 577 3193 ¹,
606 3127 714 3201 super
738 3127 864 3175 rerum
885 3104 1023 3200 lignum
1048 3104 1178 3176 divinae
1202 3107 1337 3197 crucis,
1364 3131 1462 3205 quo·-

321 3353 325 3360 ’
440 3365 470 3420 1.
493 3366 535 3422 La
547 3359 714 3439 chronique
733 3360 921 3422 scandaleuse
936 3363 1103 3422 mentionne
1123 3366 1140 3422 a
1158 3362 1188 3422 la
1209 3363 1275 3423 date
1296 3361 1336 3421 du
1358 3366 1395 3421 tt
1410 3383 1463 3422 oc-

401 3449 483 3520 tobre
504 3453 582 3510 tito
603 3449 632 3508 la
650 3449 865 3530 promulgation
887 3450 958 3515 d'un
978 3452 1039 3511 edit
1052 3455 1091 3511 οὺ
1108 3479 1121 3506 ιι
1137 3453 1223 3512 estoit
1239 3465 1381 3511 contenue
1398 3452 1466 3511 l'al-

399 3540 494 3600 liance
506 3541 572 3600 saite
584 3539 623 3600 du
637 3561 690 3618 roy
703 3553 732 3599 et
743 3540 783 3600 du
797 3561 849 3620 roy
861 3546 962 3620 Henry
976 3541 1188 3622 d'Angleterre,
1201 3563 1239 3602 en
1251 3543 1387 3602 mandant
1401 3556 1466 3604 tous

400 3628 521 3709 Anglois
530 3630 631 3688 laisser
639 3630 722 3690 venir
729 3643 757 3690 ct
766 3631 924 3691 descendte
931 3651 968 3689 en
977 3651 1010 3690 ce
1019 3633 1168 3710 royaulme
1179 3651 1253 3710 pour
1261 3632 1339 3691 leurs
1348 3633 1466 3692 affair-es

401 3731 430 3779 et
448 3720 677 3794 marchandises,
694 3739 760 3778 sans
777 3721 844 3779 saus
855 3720 974 3780 conduit
987 3742 1025 3781 ne
1038 3721 1131 3780 auitre
1144 3723 1274 3796 seur-ete,
1294 3741 1408 3780 comme
1424 3721 1466 3780 les

402 3809 509 3884 suhjeo
523 3811 563 3871 du
576 3831 630 3888 roy
643 3811 679 3870 de
693 3815 816 3887 Franco,
834 3813 902 3871 saus
913 3832 949 3870 en
964 3833 996 3872 ce
1011 3832 1070 3872 non
1081 3812 1206 3891 compris
1221 3799 1357 3870 Edouard
1372 3811 1408 3870 de
1424 3815 1465 3869 La

402 3901 534 3976 Marche,
554 3903 695 3979 nogueres
714 3921 766 3980 roy
784 3902 866 3960 dudit
883 3902 1033 3980 royaulme
1049 3899 1263 3982 d’Angleterre,
1280 3921 1326 3960 ses
1340 3901 1422 3959 allicz
1438 3912 1467 3960 et

400 3993 566 4070 complices.
584 4018 596 4042 υ
610 3991 690 4052 siun
704 3991 786 4050 truite
801 3991 843 4049 sut
858 3991 908 4049 soit
921 4004 1009 4050 avant
1021 3992 1049 4050 le
1064 3990 1167 4069 depart
1182 3990 1219 4050 de
1234 3989 1387 4064 Warwick,
1397 3991 1466 4048 c’est

401 4081 495 4160 plutdt
509 4079 624 4140 celui-ci
639 4079 729 4158 qu’on
742 4079 838 4138 rendit
851 4079 950 4160 public
969 4080 1019 4140 des
1034 4085 1123 4160 qu’on
1136 4092 1183 4140 sut
1196 4080 1224 4138 le
1240 4080 1339 4138 succes
1359 4078 1396 4137 de
1413 4097 1464 4136 son

404 4169 574 4251 entreptise.

440 4260 470 4316 ἲ.
493 4259 656 4341 Singuliere
669 4257 827 4338 ignoronce
841 4277 880 4318 on
895 4257 1067 4337 prevention
1082 4257 1118 4318 de
1135 4258 1271 4333 l'auteur,
1289 4256 1341 4335 qui
1358 4255 1399 4315 lui
1417 4253 1466 4314 tait
