3384 5184
379 511 416 568 ll!
650 506 909 568 fflssomattuu
927 507 1108 567 Luoovlcr
1129 509 1170 568 xl

376 640 581 714 denotasset
605 639 835 734 criminibus,
864 654 1042 738 quatenus
1067 641 1178 714 iidem
1203 643 1298 741 capti
1323 642 1441 717 eidem

253 829 254 832 ,
377 758 449 854 regi
475 759 745 830 restituerentur
765 783 773 827 τ
790 756 840 829 ad
865 777 988 856 quem,
1015 759 1044 830 si
1074 757 1161 855 quid
1189 757 1439 858 deliquissent,

376 896 452 943 non
466 871 513 947 ad
527 871 650 965 alium,
668 873 862 947 criminum
878 887 986 970 atque
1000 871 1216 946 delictorum
1231 875 1392 970 cognitio
1407 891 1443 949 et

378 986 518 1086 punitio
536 1002 695 1086 spectaro
712 986 897 1059 deberent.

422 1105 516 1175 Cum
531 1118 653 1176 eutem
671 1103 743 1176 illic
759 1127 883 1176 coram
899 1103 1055 1177 adstaret
1071 1106 1148 1203 ipse
1165 1129 1286 1178 comes
1303 1119 1339 1177 et
1354 1131 1442 1206 pre·

375 1244 457 1292 sens
478 1245 549 1294 suae
566 1221 786 1293 accusationi
806 1219 994 1312 adfuisset,
1013 1221 1165 1320 supplex
1184 1235 1322 1321 patrem
1338 1247 1442 1319 roga·

376 1334 426 1405 vit
449 1348 626 1432 quatenus
647 1335 714 1406 sibi
738 1334 880 1432 objecta
896 1336 1049 1406 cumina
1068 1337 1312 1434 expurgandi,
1333 1361 1443 1434 seque

376 1451 531 1550 legitime
542 1451 761 1526 defendendi
778 1452 951 1524 tribueret
966 1453 1146 1524 licentiam
1165 1469 1199 1526 ct
1219 1453 1437 1527 facultatem.

375 1571 456 1655 Qua
477 1569 510 1640 ei
534 1591 720 1662 concessa,
744 1568 839 1642 illico
864 1566 1004 1663 objecta
1023 1566 1092 1640 sibi
1108 1569 1259 1640 crimina
1277 1583 1443 1668 potenter

375 1683 534 1777 diluere,
550 1684 719 1783 nullaque
736 1683 862 1782 ipsius¹
878 1683 955 1756 lore
976 1682 1165 1756 ostendere
1181 1684 1331 1757 curarit.
1344 1687 1441 1759 Coo·

375 1799 547 1873 fossiones
569 1813 688 1873 tamen
714 1823 879 1891 reorum,
904 1797 1037 1870 honori
1062 1823 1214 1898 parcens
1237 1800 1348 1897 regis,
1373 1802 1440 1872 mi·

375 1916 473 1988 nime
500 1931 587 1990 tunc
617 1914 832 2016 publicavit3
864 1915 927 1988 sed
958 1914 1155 1987 verborum
1184 1939 1243 1988 eas
1271 1916 1442 2014 obtegens

375 2032 602 2122 velamentis,
628 2031 717 2102 dixit
735 2057 790 2123 se,
814 2029 863 2102 ob
888 2029 1007 2127 aliqua
1027 2055 1107 2128 quse
1128 2030 1354 2104 admisissent
1373 2034 1442 2105 cri·

376 2147 489 2234 mina,
511 2147 549 2218 in
567 2161 662 2219 terra
684 2146 793 2244 patris
815 2147 887 2240 sui,
913 2146 1124 2238 Hollandia‚
1150 2168 1212 2218 eos
1236 2147 1441 2245 apprehen·

375 2263 486 2354 disse,
507 2264 718 2361 vinctosque
736 2287 804 2362 pro
826 2262 1036 2361 hujusmodi
1057 2276 1195 2362 patrem
1217 2285 1322 2334 suum
1344 2263 1442 2361 ipsos

374 2393 508 2452 tenere.
537 2379 765 2452 Hollandiam
786 2393 884 2452 extra
902 2403 1053 2475 regnum
1073 2393 1108 2451 et
1129 2378 1221 2476 regis
1240 2402 1316 2450 esse
1335 2378 1442 2451 ditio-

374 2520 477 2586 nem,
502 2521 569 2568 nec
592 2519 709 2594 regern
734 2496 771 2566 in
796 2495 855 2567 illa
880 2510 994 2586 terra,
1020 2520 1099 2593 quae
1118 2494 1164 2566 de
1188 2495 1343 2592 Imperio
1366 2511 1439 2588 est,

377 2611 489 2684 ullum
517 2610 652 2684 habere
682 2611 885 2684 dominium
914 2637 974 2684 seu
1000 2609 1319 2707 jurisdictionem:
1343 2611 1442 2685 unde

374 2753 515 2818 eorum,
535 2751 614 2827 quae
631 2728 702 2801 illio
717 2727 958 2816 admisissent,
978 2727 1025 2800 ad
1042 2739 1181 2824 patrem
1196 2749 1303 2797 suum
1319 2729 1442 2822 cogni-

375 2845 510 2917 tionem
528 2859 562 2916 et
576 2844 750 2940 justitiam
768 2843 963 2944 pertinere3
983 2867 1092 2939 quam
1110 2842 1259 2934 eisdem,
1279 2843 1355 2916 sine
1370 2844 1442 2917 ulla

374 2960 516 3056 injuria,
533 2959 730 3032 exhiberet.
748 2960 832 3055 Regi
842 2960 991 3032 minime
1004 2958 1194 3031 molestum
1205 2983 1281 3033 esse
1293 2959 1439 3055 debere,

375 3073 403 3145 si
421 3076 496 3174 ipse
512 3077 652 3171 genitor
668 3100 753 3147 suus
764 3076 846 3172 jura
863 3099 941 3165 sua,
961 3075 1068 3147 etiam
1082 3089 1262 3148 terrarum
1279 3099 1438 3168 suarum,

374 3205 532 3263 servaret
552 3205 587 3262 et
607 3191 815 3264 custodiret.
837 3191 973 3287 Adjecit
990 3205 1112 3263 autem
1133 3215 1171 3264 se
1188 3191 1311 3264 mirari
1327 3193 1442 3291 pluri-

373 3329 498 3395 mum,
530 3330 639 3402 quarn
673 3306 722 3380 ob
750 3331 896 3380 causam
928 3307 1048 3405 ipsum
1082 3332 1143 3380 rex
1175 3306 1267 3379 adeo
1293 3331 1441 3382 exosum

374 3420 541 3510 haberet,
564 3436 600 3494 et
618 3423 835 3496 malevolum
853 3447 890 3494 se
907 3423 944 3494 in
965 3447 1049 3498 eum
1067 3423 1258 3514 indicaret3
1280 3449 1441 3498 asserens

374 3539 573 3636 genitorem
588 3565 694 3613 suum
709 3539 765 3611 vel
782 3564 867 3612 suos
880 3539 949 3614 tale
962 3540 1089 3614 odium
1103 3556 1139 3614 et
1152 3540 1441 3616 malevolentiam

373 3679 561 3753 nunquam
576 3656 672 3758 apud
686 3679 809 3753 regern
821 3657 928 3730 luisse
941 3659 1174 3756 promeritos,
1190 3657 1254 3731 sed
1266 3659 1441 3755 majestati

372 3795 445 3842 suae
455 3795 595 3870 semper
609 3769 762 3844 fideliter
774 3785 809 3843 ct
823 3772 961 3845 sincere
975 3776 1106 3845 servire
1119 3772 1276 3845 voluisse
1287 3787 1324 3846 et
1334 3773 1440 3846 vehe-

374 3901 514 3960 menter
540 3903 694 3986 optasse.
727 3891 769 3958 Et
794 3911 840 3959 ne
866 3886 1153 3960 malevolentiam
1181 3903 1289 3986 atque
1313 3888 1440 3961 ‘odium

374 4002 625 4100 hujuscemodi
644 4002 701 4076 vel
718 4003 942 4102 confingere,
961 4002 1019 4075 vel
1045 4001 1113 4073 levi
1134 4002 1309 4076 duntaxat
1326 4003 1452 4153 saepi-⁸
1494 4097 1501 4109 .

416 4267 444 4323 l.
468 4264 565 4324 Plutdt
574 4271 699 4342 maiore.
