3272 5182
589 575 699 632 anua
728 575 928 666 sacuunus.
1231 579 1289 638 aas
1405 641 1415 654 ,

235 711 237 718 ’
282 709 435 802 Rogatus
449 705 555 801 igitur
566 706 861 803 Burgundionum
875 707 947 778 dux
959 731 980 780 a
992 731 1086 802 rege,
1101 723 1137 779 et
1149 733 1290 806 magna·

230 845 311 893 rum
321 834 435 917 atque
454 821 585 920 pluries
602 823 807 896 iteratarum
826 848 974 921 precum
991 824 1157 897 instantia
1174 828 1291 924 requi·
1316 819 1318 828 '

228 938 338 1028 situs,
365 935 431 1008 sibi
457 937 503 1008 ad
530 963 567 1010 se
592 940 761 1012 veniendi
784 938 894 1010 fidam
920 941 1144 1013 securitatem
1168 941 1286 1035 dedit,

229 1051 310 1123 licet
336 1050 401 1122 diu
425 1051 575 1126 minime
601 1053 667 1126 sibi
694 1055 835 1154 placere
860 1055 951 1152 regis
974 1055 1020 1126 ad
1044 1081 1082 1129 se
1107 1081 1288 1130 accessum

230 1167 483 1266 respondisset.
1222 1256 1225 1265 λ

280 1281 500 1356 adveniente
522 1283 641 1382 itaque
662 1308 745 1381 rege
764 1282 862 1382 apud
882 1289 1059 1362 Peronam
1079 1309 1163 1358 cum
1183 1286 1290 1360 dictis

231 1396 417 1490 cardinali,
437 1423 503 1470 suo
520 1413 605 1471 tuuc
623 1400 843 1498 permaximo
862 1400 996 1491 amico,
1013 1401 1144 1473 comite
1159 1404 1292 1476 Sancti·

231 1514 329 1585 Pauli
348 1528 384 1586 et
400 1513 584 1614 nonnullis
606 1515 679 1587 suis
695 1514 922 1603 consiliariis,
948 1515 1179 1614 stipatoribus
1202 1542 1289 1620 vero

229 1629 429 1727 perpaucis,
456 1655 540 1702 cum
567 1629 670 1702 multi
696 1654 879 1704 sermones
906 1630 1060 1704 invicem
1086 1631 1289 1706 amicabiles

229 1743 274 1815 de
285 1744 519 1818 ‚concilianda
535 1769 623 1843 pace
640 1743 754 1818 habiti
776 1745 941 1838 luissent,
962 1745 1108 1820 tandem
1126 1772 1196 1846 pax
1212 1775 1289 1848 per·

230 1873 349 1956 petua,
363 1877 398 1934 et
410 1887 490 1961 quae
500 1861 628 1936 merito
640 1861 774 1935 stabilis
788 1877 822 1934 et
835 1886 1069 1962 permansura
1083 1887 1158 1936 esse
1172 1867 1289 1965 putari

230 1979 421 2073 potuisset,
447 1995 625 2052 conventa
647 1994 719 2071 est,
744 1994 779 2050 et
802 1978 965 2051 maximis
986 1979 1153 2076 utrinque
1171 2005 1288 2053 sacra·

228 2094 355 2165 mentis
369 2092 537 2168 firmata¹.
559 2095 676 2168 Ambo
693 2097 804 2188 enim,
820 2121 882 2168 rex
897 2081 1063 2168 videlicet
1078 2111 1114 2168 et
1129 2101 1289 2196 Burgun-

227 2208 379 2282 dionum
400 2211 491 2304 dux,
514 2237 621 2310 super
640 2237 767 2284 verum
788 2211 924 2310 lignum
945 2211 1135 2286 dominicae
1156 2216 1291 2288 crucis¹

222 2324 387 2419 jurarunt
403 2351 530 2426 pacem
547 2343 757 2427 perpetuam
774 2329 867 2400 inter
882 2353 932 2422 se,
950 2343 1059 2400 terras
1076 2343 1111 2401 et
1123 2329 1289 2404 subditos

226 2465 310 2513 suos
328 2467 486 2536 servare,
506 2458 541 2515 et
558 2444 750 2516 amicitiam
766 2458 872 2542 atque
894 2444 1127 2546 concordiam
1147 2444 1288 2519 firmam

226 2570 333 2656 atque
359 2559 540 2651 stabilem;
569 2575 604 2632 et
626 2559 727 2658 quod
755 2561 874 2632 nullus
902 2585 1061 2658 unquam
1088 2562 1189 2634 alteri
1214 2563 1288 2638 bel·
1346 2615 1351 2626 ·

227 2671 303 2746 lum
328 2676 492 2768 inferret,
514 2690 576 2749 aut
598 2675 772 2748 damnum
792 2690 1022 2776 procuraret,
1041 2677 1099 2750 vel
1119 2678 1222 2751 terris
1246 2703 1289 2754 ac

229 2960 421 3035 Normandie,
442 2973 471 3021 et
494 2960 600 3040 stipula
621 2979 697 3040 pour
720 2958 835 3020 celui-ci
855 2978 912 3020 une
930 2960 1051 3039 pension
1073 2961 1289 3025 (1116000011-

227 3068 305 3124 rres‚
317 3050 434 3129 jusqu'a
447 3070 480 3110 ce
493 3069 551 3129 que
564 3050 591 3109 le
605 3051 649 3109 roi
663 3049 704 3108 lui
715 3051 765 3109 etit
777 3051 918 3111 constitue
929 3071 969 3110 un
980 3065 1063 3112 autre
1075 3073 1205 3136 epanage
1219 3074 1289 3116 avec

228 3138 255 3200 la
268 3139 425 3199 mediation
439 3139 479 3198 du
493 3139 550 3198 duc
564 3138 601 3199 de
613 3138 734 3199 calabre
747 3153 776 3198 et
789 3139 829 3198 du
842 3149 938 3212 comte
953 3139 990 3200 de
1003 3142 1161 3212 saint-Pol.
1183 3149 1224 3204 Le
1245 3145 1290 3204 roi

227 3244 313 3309 ayant
327 3231 378 3291 fait
391 3231 488 3292 saveir
501 3243 546 3290 cet
558 3230 663 3290 accord
680 3250 718 3290 au
732 3230 788 3290 due
807 3229 843 3290 de
858 3234 1047 3312 Bourgogne,
1062 3232 1178 3292 celui-ci
1191 3235 1289 3294 refusa

226 3319 276 3400 d’y
289 3321 383 3381 croire
394 3322 531 3400 jusqu'au
542 3333 672 3380 moment
681 3323 721 3380 οὺ
733 3320 761 3380 la
774 3321 911 3380 nouvelle
922 3321 965 3380 lui
978 3341 1015 3381 en
1028 3322 1072 3381 fut
1084 3323 1222 3402 apportee
1235 3344 1289 3403 par

225 3430 265 3470 un
278 3411 384 3472 beraut
397 3410 437 3472 du
451 3411 508 3471 duc
521 3410 558 3470 de
572 3416 730 3492 Bretagne3
749 3437 762 3466 α
778 3413 851 3472 mais
865 3432 898 3472 ce
916 3431 976 3472 non
998 3409 1128 3490 obstant,
1141 3413 1161 3471 il
1175 3432 1212 3473 ne
1226 3419 1288 3473 s'en

224 3501 327 3561 voulut
344 3501 406 3562 aler
422 3520 460 3560 nc
482 3499 666 3580 dcsemparer
685 3520 737 3561 son
763 3514 817 3560 ost.
842 3505 913 3562 »Ge
932 3502 1004 3561 risit
1023 3515 1067 3562 est
1087 3502 1289 3582 parfaitement
1384 3579 1387 3592 .

223 3592 393 3672 veridique3
415 3593 436 3651 il
462 3592 606 3654 concorde
632 3592 670 3651 de
694 3603 758 3651 tous
784 3591 881 3671 points
908 3610 978 3650 avec
1003 3592 1079 3652 celui
1100 3592 1141 3672 de,
1156 3593 1288 3673 Philippe

175 3695 176 3703 ¹
224 3682 260 3742 de
280 3685 458 3758 commines,
480 3696 509 3742 et
531 3695 645 3743 surtout
667 3701 741 3744 avec
758 3679 787 3739 le
807 3679 890 3738 traite
913 3677 1082 3750 d'Ancenis,
1104 3681 1187 3760 passe
1207 3694 1288 3741 entre

224 3769 251 3830 le
273 3770 388 3831 duc‘de
407 3775 550 3851 Bretagne
563 3782 592 3830 et
607 3769 694 3829 Louis
710 3772 754 3828 XI
773 3770 823 3843 (10
847 3767 1010 3846 septembre
1033 3773 1142 3847 1168),
1163 3771 1235 3831 dont
1249 3790 1287 3831 on

224 3871 295 3935 peut
314 3859 380 3918 voir
399 3859 428 3918 le
444 3870 521 3918 texte
540 3858 612 3918 dans
631 3855 754 3937 Lenglet
784 3855 962 3937 Dubesnoy,
982 3857 1155 3936 commutes,
1180 3873 1200 3922 t.
1225 3864 1286 3947 nl,

223 3971 243 4030 p
264 4043 294 4101 1.
316 4043 357 4100 Le
374 4043 411 4100 11
425 4039 543 4100 octobre
556 4041 646 4105 1168.

264 4136 293 4197 2.
321 4161 334 4190 ιι
350 4139 386 4194 Et
405 4133 449 4194 sut
468 4134 539 4194 tiree
561 4135 612 4195 des
631 4134 736 4194 coffres
752 4134 792 4193 du
814 4153 867 4212 roy
889 4133 918 4192 la
939 4153 1028 4212 vraye
1047 4135 1129 4195 croix
1141 4153 1199 4214 que
1212 4134 1288 4196 saint
1307 4207 1311 4214 Ι

228 4225 449 4308 Charlemaignc
459 4224 577 4306 portoit,
588 4225 639 4304 qui
647 4223 784 4304 s'appelle
795 4223 825 4283 la
836 4224 917 4284 croix
928 4222 964 4282 de
978 4223 1110 4306 victoira,
1120 4237 1149 4286 et
1156 4223 1288 4312 jurarent

222 4318 251 4378 la
263 4319 342 4399 paix.
359 4345 371 4373 s
389 4317 565 4393 commines,
579 4317 630 4376 liv.
645 4317 785 4390 11‚c.1x.
