3322 5172
396 568 454 626 aec
668 511 1180 624 nrommunmnoncrru

444 693 517 770 Sed
542 696 704 794 quarum
720 694 791 768 hoc
811 693 969 794 prudens
995 707 1031 765 et
1047 691 1133 766 utile
1155 691 1318 791 proiecto
1334 691 1457 764 consi·

394 811 485 885 lium
502 837 566 886 rex
582 812 649 884 sibi
665 810 852 911 preberet,
872 835 946 884 non
963 834 1037 884 una
1052 823 1191 882 tantum
1209 811 1299 901 vice,
1319 808 1394 901 sed,
1414 821 1458 880 ut

396 931 509 1022 aiunt,
527 928 665 1002 vicibus
678 930 848 1028 repetitis,
863 927 1030 1027 amplecti
1040 942 1161 1000 tamen
1174 926 1262 998 illud
1275 949 1317 998 ae
1332 939 1458 997 tenere

395 1049 492 1122 idem
514 1048 587 1120 dux
614 1047 731 1142 minus
746 1047 910 1120 consulte
933 1045 1129 1137 recusavit,
1157 1067 1305 1142 quoquo
1331 1042 1457 1114 animo

398 1164 465 1238 sibi
480 1163 587 1236 etiam
605 1162 651 1235 ab
673 1161 777 1234 hoste
793 1159 1024 1260 praeberetur.
1045 1161 1150 1257 Atqui
1163 1173 1298 1231 tantam
1310 1159 1402 1229 inter
1418 1181 1458 1228 se

397 1281 588 1372 dictorum,
613 1277 790 1350 factorum
806 1291 841 1350 et
864 1275 1096 1350 consiliorum
1118 1271 1354 1346 diffidentiam
1372 1272 1460 1344 odia

397 1410 433 1468 et
446 1395 638 1468 iuimicitiae
653 1409 786 1467 mutuae
802 1393 1038 1483 induxerant,
1062 1406 1103 1463 ut
1119 1389 1261 1462 difficile
1279 1390 1317 1461 in
1335 1388 1461 1487 aliquo

396 1514 484 1586 alter
506 1511 608 1585 alteri
633 1495 780 1585 eredere
798 1527 938 1610 posset,
959 1525 1050 1600 esto,
1081 1509 1267 1581 communi
1290 1507 1458 1580 omnium

395 1631 510 1728 prima
527 1629 773 1723 aestimatione,
792 1627 933 1703 salubre
951 1642 1058 1726 atque
1074 1625 1159 1699 utile
1175 1624 1365 1698 consilium
1379 1627 1459 1698 cui·

398 1745 486 1818 libet
506 1744 620 1819 videri
637 1745 822 1843 potuisset.
942 1765 944 1771 ·

751 2045 1010 2119 CAPITULUM
1046 2048 1107 2119 Vl.

397 2242 527 2310 Qualiter,
540 2253 628 2314 spreto
639 2235 707 2312 regis
722 2241 844 2312 consilio,
858 2240 990 2294 Suitenses
1005 2257 1153 2313 aggressus,
1165 2243 1298 2296 castellum
1313 2245 1397 2294 Horat
1410 2241 1459 2293 ob-

433 2320 500 2374 redit
507 2343 516 2390 ς
530 2321 577 2374 ubi
589 2339 606 2374 a
615 2321 781 2377 Snitensibus
798 2321 941 2378 debellatus
956 2334 982 2377 et
993 2320 1090 2392 victus,
1102 2323 1216 2378 maxima
1235 2322 1310 2380 ehtde
1321 2337 1456 2396 suscepte,

434 2401 545 2474 turpiter
557 2400 669 2474 aufugit.
712 2451 717 2460 ,

450 2586 578 2681 Spreto
611 2582 729 2679 itaque
755 2578 1005 2675 hujuscemodi
1040 2596 1076 2654 et
1105 2581 1252 2654 minime
1278 2606 1459 2680 perpenso

403 2699 566 2788 consilio,
585 2721 667 2769 cum
693 2695 790 2767 idem
800 2694 879 2779 dux
896 2719 973 2769 sese
1002 2695 1098 2795 apud
1123 2701 1361 2788 Lausannam,
1380 2715 1463 2797 post

406 2815 536 2888 dictam
551 2811 692 2885 cladem
708 2825 904 2911 acceptam,
926 2811 1127 2910 recepisset,
1147 2813 1273 2886 anxius
1286 2812 1463 2912 valdeque

408 2946 554 3002 moestus
580 2928 626 3000 de
650 2927 846 3026 ignominia
869 2927 1081 3026 damnisque
1105 2952 1185 3026 quae
1215 2953 1339 3027 passus
1371 2945 1461 3024 erat,

408 3046 491 3118 satis
505 3044 657 3141 graviter
672 3055 843 3142 aegrotare
860 3043 993 3142 coepit¹.
1012 3047 1052 3115 ln
1068 3068 1138 3142 qua
1157 3069 1219 3116 sua
1241 3042 1462 3141 aegritudine,

410 3161 520 3234 multa
537 3161 571 3232 ei
586 3160 818 3234 humanitatis
834 3160 1007 3257 obsequia
1020 3160 1250 3258 remediaque
1263 3162 1322 3236 illa
1334 3163 1466 3237 nobilis

410 3278 550 3350 ducissa
566 3275 751 3350 Sahaudiae
764 3276 937 3350 exhibuit.

458 3397 552 3465 Cum
576 3393 696 3490 itaque
720 3391 766 3464 de
785 3391 1037 3492 hujuscemodi
1062 3391 1269 3493 aegritudine
1292 3409 1375 3493 post
1389 3396 1466 3469 dies

410 3509 547 3606 aliquot
578 3510 654 3607 ipse
681 3507 940 3601 convaluisset,
972 3511 1081 3610 coepit
1106 3507 1178 3582 illic
1200 3507 1320 3582 denuo
1345 3513 1467 3610 copias

409 3623 496 3696 hinc
516 3639 552 3697 et
564 3623 649 3696 inde
665 3623 842 3724 dispersas
860 3626 1040 3724 colligere,
1060 3641 1096 3700 et
1116 3626 1251 3723 majore
1267 3628 1376 3700 etiam
1391 3654 1468 3701 nu-

410 3767 511 3816 mero
537 3765 578 3812 ac
602 3741 738 3814 vir-ibus
765 3745 960 3816 exercitum
985 3745 1202 3838 instaurare,
1231 3767 1340 3842 quam
1363 3761 1467 3819 antea

409 3856 607 3950 habuisset3
636 3881 751 3930 novos
778 3859 886 3967 etiam
912 3885 1058 3952 currus,
1088 3859 1271 3934 machinas
1296 3875 1333 3935 et
1350 3863 1468 3935 varior

409 3972 493 4047 belli
517 3987 710 4074 apparatus
737 3971 910 4048 fabricare
939 3992 996 4068 et,
1026 3976 1280 4077 undecumque
1307 3992 1464 4080 poterat,

408 4089 588 4164 adciscere
604 4105 640 4164 et
655 4113 859 4192 aggregare.
878 4092 1059 4168 Suitenses
1083 4118 1190 4187 vero,
1214 4095 1334 4193 priore
1347 4095 1468 4195 pmda

448 4304 478 4361 t.
500 4303 548 4360 Du
563 4303 602 4360 29
615 4299 689 4362 avril
703 4318 742 4360 au
755 4301 794 4360 at
808 4301 866 4362 mai
880 4305 969 4362 uto.
