3384 5184
384 516 440 570 m
654 512 909 572 HISTORIARUM
928 509 1107 570 LUDOVICI
1127 512 1171 568 XI

323 721 325 728 y
384 643 571 735 machinis,
592 641 725 714 vexillis
741 655 776 713 et
787 640 995 734 ordinibus,
1015 641 1275 733 existimarant,
1295 637 1444 712 obsesso

384 759 503 832 adhuc
529 757 683 858 oppido,
708 758 917 856 tempestive
943 781 1048 856 posse
1073 755 1231 855 praebere
1256 781 1445 828 succursus

384 876 525 967 solatia,
544 890 579 946 et
593 877 630 946 in
647 899 807 972 campos,
825 873 921 946 velut
937 874 1134 972 potentiam
1149 873 1446 969 Burgundionum

383 991 477 1064 bello
494 992 707 1090 aggressuri,
726 991 897 1062 exierant.
915 989 1068 1080 Quibus,
1086 990 1260 1061 exstincto
1275 1003 1311 1060 et
1326 989 1446 1060 exciso

384 1109 533 1208 oppid0‚
548 1107 691 1180 illustris
706 1131 828 1178 comes
841 1106 887 1178 de
898 1106 1096 1196 charoloo,
1111 1121 1212 1204 patre
1227 1129 1298 1178 suo
1312 1107 1349 1176 in
1366 1119 1445 1178 tuto

382 1223 500 1296 locato
517 1224 594 1320 (qui
613 1223 651 1292 in
673 1222 757 1292 sella
777 1223 968 1318 gestatoria
984 1221 1030 1294 ad
1048 1220 1293 1304 obsidendum
1308 1222 1446 1292 Dinon-

383 1354 461 1410 tum
477 1363 515 1410 se
532 1333 661 1409 deferri
677 1336 832 1433 lecerat),
847 1363 931 1410 cum
948 1333 1061 1436 copiis
1077 1337 1148 1409 suis
1163 1338 1364 1436 intrepidus
1377 1337 1446 1408 ob-

384 1456 477 1526 viam
493 1454 604 1526 venit.
621 1453 705 1543 Sed,
721 1455 773 1525 uti
787 1453 886 1546 alias,
903 1453 1030 1525 animis
1043 1467 1149 1550 atque
1162 1453 1298 1524 viribus
1313 1475 1446 1551 pavore

384 1569 529 1658 desecti,
548 1569 594 1640 ad
615 1569 807 1667 petendam
826 1563 1002 1668 supplices
1017 1569 1177 1658 veniam,
1196 1584 1232 1642 et
1248 1592 1319 1640 suae
1334 1583 1446 1642 teme·

384 1687 495 1758 ritulis
507 1701 613 1783 atque
627 1685 913 1784 praesumptionis
925 1683 1198 1780 indulgentiam,
1212 1703 1288 1758 sese
1297 1708 1446 1756 conver·

383 1816 516 1875 terunt.
536 1803 722 1900 Sapienter
740 1801 899 1898 quidem.
920 1805 1009 1872 Nam
1027 1802 1057 1873 si
1073 1801 1121 1873 ad
1137 1815 1316 1874 certarnen
1334 1825 1446 1900 usque

384 1921 641 2018 pervenissent,
656 1916 891 1988 verisimiliter
903 1916 949 1987 de
959 1916 1055 2014 ipsis,
1070 1919 1130 2014 qui
1144 1919 1281 2014 majore
1293 1943 1335 1990 ex
1347 1933 1446 2016 parte

385 2038 540 2106 inermes
562 2032 815 2132 pedestresque
847 2047 965 2125 erant,
996 2049 1167 2131 tanquam
1190 2034 1236 2107 de
1257 2033 1448 2133 pecoribus

258 2237 265 2244 ,
287 2231 294 2248 ,
386 2150 589 2237 occisionis,
607 2163 739 2244 strages
756 2152 881 2246 ingens
897 2162 933 2220 et
947 2172 1122 2220 caesorum
1140 2151 1257 2222 acervi
1275 2151 1345 2222 acti
1362 2151 1446 2222 suis·

386 2282 477 2340 sent.
495 2271 583 2338 Eam
599 2289 686 2337 vero
703 2265 789 2338 dare
804 2290 910 2337 senex
927 2265 984 2337 ille
1003 2265 1187 2364 Philippus
1203 2266 1444 2359 dissuadebat,

385 2406 512 2454 eorum
533 2379 737 2478 perfidiam,
762 2382 941 2452 levitatem
961 2395 997 2451 et
1017 2382 1270 2478 procacitatem
1292 2383 1329 2454 in
1346 2383 1446 2479 jacu-

386 2497 502 2570 landis
523 2495 665 2595 probris
685 2509 720 2566 ct
741 2497 967 2568 contumeliis
988 2521 1052 2596 per
1074 2496 1246 2596 plurimas
1266 2499 1360 2571 vices
1388 2524 1447 2572 ex·

386 2628 526 2713 pertus,
548 2612 612 2710 qui
632 2637 773 2710 semper
789 2611 918 2711 perfidi
938 2626 1045 2710 atque
1067 2595 1238 2712 foedifragi
1257 2639 1333 2687 esse
1358 2641 1447 2689 con·

385 2731 595 2804 suevissent.
610 2728 800 2827 Cupiebat,
810 2754 894 2800 cum
906 2744 1111 2827 opportune
1122 2730 1159 2801 io
1172 2731 1302 2829 patulis
1314 2733 1448 2832 campis

385 2847 516 2945 reperti
526 2841 654 2933 essent,
667 2845 713 2916 de
723 2869 786 2916 sua
796 2844 945 2944 perfidia
955 2843 1070 2942 (quod
1080 2861 1446 2941 contrasacrameota,

386 2965 515 3036 totiens
531 2986 552 3034 a
572 2987 610 3034 se
631 2962 785 3060 praestita
804 2975 838 3032 et
856 2961 956 3052 data,
976 2961 1212 3060 sigillatasque
1229 2987 1345 3062 nuper
1364 2987 1447 3038 cau·

384 3083 499 3154 tiones
519 3079 718 3175 venissent)
739 3102 863 3176 poenas
887 3092 922 3150 et
946 3077 1119 3178 supplicia
1141 3077 1259 3151 debita
1292 3081 1444 3179 reposci.

385 3196 455 3268 Sed
480 3193 714 3267 nihilominus
736 3191 880 3264 illustris
905 3192 999 3264 illius
1025 3196 1166 3265 comitis
1192 3193 1238 3266 de
1265 3193 1450 3268 Charolor's

383 3313 464 3411 pius
480 3327 515 3384 et
535 3311 692 3384 clemens
712 3311 869 3400 animus,
893 3310 940 3382 ad
961 3311 1243 3384 misericordiam
1262 3313 1380 3410 potius
1397 3326 1450 3384 est

384 3428 551 3517 inflexus,
576 3441 703 3523 agente
724 3425 920 3525 plurimum
938 3442 973 3498 et
993 3452 1060 3528 pro
1080 3429 1164 3527 ipsis
1182 3429 1319 3501 miseris
1337 3429 1449 3502 inter·

383 3543 547 3614 veniente
571 3544 702 3614 comite
724 3543 981 3637 Sancti-Pauli,
1005 3545 1067 3641 qui
1089 3557 1164 3616 tum
1186 3543 1304 3616 adhuc
1325 3545 1393 3618 sibi
1411 3545 1449 3617 in

384 3685 450 3732 suo
468 3659 624 3732 exercitu
642 3658 842 3734 militabat¹.
861 3665 953 3747 Data
969 3674 1022 3732 est
1037 3660 1157 3757 itaque
1174 3660 1258 3758 ipsis
1274 3661 1395 3753 venia3
1414 3673 1451 3732 et

384 3782 468 3878 quia
498 3782 533 3853 iu
568 3781 790 3854 exsolutione
822 3796 933 3880 pactae
962 3795 1110 3881 perante
1141 3781 1301 3879 pecuniae
1329 3807 1451 3856 moras

425 3997 453 4054 l.
477 3993 565 4052 Louis
583 3992 620 4051 de
640 3991 867 4071 Luxembourg,
888 3991 1016 4070 quoique
1038 4011 1154 4071 pourru
1181 3995 1218 4054 do
1241 3995 1268 4052 la
1289 3993 1397 4076 charge
1413 3996 1451 4057 de

384 4081 556 4142 connerable
573 4081 609 4140 de
629 4083 740 4140 France
762 4085 821 4140 lors
844 4081 881 4139 de
903 4081 931 4139 la
953 4081 1040 4142 curce
1058 4081 1109 4142 des
1125 4084 1221 4162 places
1238 4087 1277 4143 οὺ
1294 4083 1406 4144 abourit
1422 4085 1450 4144 la

383 4189 488 4252 guerre
502 4171 542 4230 du
562 4172 633 4230 Bien
656 4169 770 4249 public,
791 4188 829 4229 ne
850 4169 956 4228 laissait
975 4189 1026 4248 pas
1043 4171 1081 4230 de
1094 4173 1187 4231 servir
1202 4177 1307 4232 encore
1320 4173 1392 4234 dans
1407 4173 1450 4234 les

383 4259 495 4320 armdcs
510 4259 777 4341 bourguignonnes.
