3272 5182
557 571 667 628 umen
694 553 858 630 marrus.
1176 575 1232 635 ιιι

184 684 260 773 tore
273 715 379 794 satus,
393 725 475 774 eum
487 702 656 773 tamenin
670 702 909 799 germanitatis
922 706 1233 795 necessitudinem,

184 831 353 911 tanquam
368 816 523 914 parentis
542 818 597 889 sui
612 818 809 892 naturaiem
835 818 947 892 fitium
967 839 1149 922 receperat
1158 827 1180 913 ²,
1200 839 1236 896 et

184 931 352 1003 dominiis
371 945 564 1024 terrarum,
582 958 694 1031 usque
715 933 762 1006 ad
777 934 935 1008 valorem
957 961 1118 1010 annuum
1143 938 1235 1012 duo-

184 1072 265 1119 rum
280 1047 375 1119 mille
395 1063 579 1121 scutorum
599 1050 693 1140 auri,
712 1048 886 1122 ditaverat
899 1050 1034 1148 absque
1052 1053 1233 1150 pensioni·
1268 1085 1278 1115 ε

184 1161 252 1236 bus
279 1177 314 1235 et
339 1162 415 1234 aliis
437 1162 610 1253 donariis,
637 1187 716 1261 quae
743 1164 782 1234 in
811 1187 894 1236 eum
922 1167 1006 1239 satis
1035 1167 1238 1266 frequenter

185 1277 347 1349 conferre
364 1276 488 1349 solitus
504 1293 590 1352 erat.

104 1413 111 1428 ⁸
234 1391 303 1464 Sed
324 1407 359 1464 et
379 1391 539 1490 profecto
556 1393 648 1488 regis
671 1391 840 1491 pudenda
860 1395 941 1466 satis
963 1395 1239 1470 inconsideratio

185 1531 246 1580 seu
263 1507 467 1581 indiscretio
481 1509 643 1608 apparuit
656 1508 756 1605 quod
769 1533 866 1599 eum,
881 1511 942 1606 qui
956 1535 1023 1608 pro
1047 1514 1134 1584 tanti
1152 1538 1242 1586 con-

186 1625 330 1696 scientia
365 1625 522 1696 criminis
552 1625 617 1722 (ne
648 1625 885 1723 suspicionem
923 1625 1072 1698 dixerim
1101 1627 1241 1726 solum)

186 1739 287 1836 cujus
305 1755 430 1814 auctor
449 1742 523 1841 ipse
542 1755 739 1839 putaretur,
761 1741 932 1840 profugus
950 1757 1057 1840 atque
1076 1744 1242 1840 fugitivus

187 1869 295 1947 esset,
324 1857 515 1954 receperit,
543 1857 690 1955 insuper
714 1857 820 1928 etiam
844 1871 880 1928 et
904 1857 1112 1931 muneribus
1137 1874 1242 1958 atque

187 1970 292 2042 donis
311 1971 496 2043 affecerit¹.
521 1972 644 2045 Melius
661 1972 758 2044 enim
785 1986 858 2044 tam
883 1973 1021 2044 scelesti
1047 1989 1154 2072 atque
1176 2001 1243 2048 ne-

143 2139 146 2146 ,
188 2087 284 2160 sandi
300 2087 479 2187 parricidii
501 2087 739 2186 suspicionem
765 2087 919 2185 effugere
942 2103 977 2161 et
994 2113 1068 2162 ase
1092 2091 1245 2164 alienam

188 2195 311 2274 facere
328 2200 442 2273 multo
469 2202 664 2274 consultius
690 2217 725 2274 et
753 2201 973 2301 probabilius
999 2206 1189 2303 potuisset,
1216 2208 1246 2279 si

188 2343 272 2390 eum
285 2318 432 2388 minime
446 2341 466 2388 a
478 2342 515 2389 se
528 2317 646 2416 palam
662 2332 860 2415 receptum,
879 2331 916 2389 et
930 2319 1138 2392 muneribus
1151 2323 1245 2394 clau·

188 2434 270 2505 culo
287 2433 477 2524 donatum,
498 2432 544 2503 ad
568 2432 715 2528 alicujus
732 2433 874 2504 alterius
894 2433 963 2505 sibi
984 2435 1088 2506 amici
1104 2435 1160 2508 vel
1181 2438 1245 2509 foe-

189 2548 302 2622 derati
328 2549 499 2647 principis
525 2563 658 2619 terram
680 2547 850 2619 alendum
874 2548 1082 2641 dimisisset,
1110 2551 1245 2650 absque

188 2661 260 2735 boc
278 2663 396 2759 quod,
418 2687 503 2734 cum
523 2663 612 2735 tanti
633 2661 779 2735 infamia
798 2663 974 2754 oriminis,
1000 2665 1036 2736 in
1059 2667 1158 2738 curia
1181 2693 1245 2743 sua

20 2781 24 2808 ¹
130 2879 136 2892 ι
189 2779 246 2851 vel
261 2804 372 2876 regno
389 2777 586 2875 aquolibet
601 2777 792 2850 videretur.
812 2777 881 2850 Sed
898 2778 981 2852 talia
996 2779 1244 2878 hujuscemodi

190 2895 337 2966 minime
359 2895 415 2966 vel
437 2918 566 2994 parum
588 2917 648 2966 rex
669 2894 745 2993 ipse
763 2893 944 2967 attendere
965 2895 1022 2968 vel
1045 2897 1245 2995 ponderare

190 3009 391 3098 videbatur,
405 3011 462 3082 cui
473 3011 595 3081 talium
607 3008 889 3083 erubescentiam
902 3009 1246 3085 facinorummachi·

191 3124 303 3198 naudi
319 3139 424 3223 atque
445 3124 642 3224 patrandi
630 3149 705 3223 Jam
723 3124 931 3199 assuefactio
949 3125 1147 3198 abstulisset
1155 3153 1247 3228 ,per

191 3239 374 3312 infamiam
386 3253 421 3311 et
430 3238 567 3313 bonam
583 3240 727 3330 famam,
742 3263 900 3338 exaequo
914 3240 1043 3339 pariter
1057 3257 1091 3314 et
1104 3244 1243 3354 iniquo,

192 3353 392 3427 dummodo
408 3354 642 3453 cupiditatum
658 3379 804 3428 suarum
818 3379 968 3453 compos
988 3355 1080 3427 effici
1103 3373 1244 3456 posset3

232 3587 261 3641 t.
281 3577 455 3651 Chastelain,
465 3577 545 3656 quin
547 3576 638 3638 'dieve
648 3597 700 3657 pas
711 3567 749 3636 de
759 3576 860 3636 doutes
871 3595 920 3636 sur
928 3596 982 3636 sou
992 3576 1115 3658 origine,
1127 3584 1251 3667 oppose‚

91 3689 93 3693 '
192 3695 230 3735 au
249 3671 407 3746 contraire,
429 3690 461 3728 sa
480 3671 614 3729 situation
637 3669 677 3728 du
696 3669 796 3729 vivant
814 3668 851 3727 de
868 3671 1003 3747 sonpirc
1018 3669 1170 3730 acelleou
1185 3673 1206 3730 it
1220 3694 1251 3734 se

192 3761 318 3822 uouvait
333 3779 399 3819 sous
414 3760 442 3818 le
459 3759 516 3818 duc
534 3759 650 3820 Charles
666 3784 674 3819 a
692 3785 706 3814 α
720 3757 809 3817 Avoit
825 3777 862 3816 eu
879 3755 938 3816 bon
955 3770 1048 3837 temps
1065 3771 1095 3817 et
1114 3760 1151 3819 de
1167 3777 1252 3842 grant
1297 3809 1303 3816 .

193 3850 288 3930 espoir
303 3849 342 3908 du
359 3861 452 3927 temps
464 3848 504 3906 du
517 3846 576 3907 bon
590 3847 646 3906 duc
659 3845 801 3926 Philipps,
817 3863 870 3904 son
882 3846 964 3924 pere,
982 3845 1041 3904 bon
1054 3858 1082 3904 et
1095 3848 1188 3925 grand
1202 3870 1252 3909 eu-

193 3950 398 4011 treteuement,
414 3955 480 3996 saus
494 3937 631 3996 servitute
647 3949 676 3995 et
692 3955 756 3996 saus
774 3934 840 3994 uuis
856 3953 998 4014 apparens
1011 3933 1154 4012 dangiers.
1174 3942 1254 3997 Dout

194 4029 272 4087 vicit
287 4028 315 4087 le
332 4040 424 4106 temps
441 4025 481 4084 dn
499 4027 616 4131 present
633 4037 708 4084 estre
727 4037 789 4082 tout
806 4035 905 4099 autre,
924 4035 987 4082 tout
1003 4022 1059 4082 dur
1074 4035 1103 4082 et
1121 4037 1253 4107 estrange

195 4115 423 4176 enversl'auttre
436 4115 561 4193 passi.»
547 4117 657 4173 Part.
672 4115 728 4187 111,
741 4111 789 4173 cb.
804 4131 920 4174 ιιιιιι,

234 4209 264 4265 2.
288 4204 502 4265 contradiction
515 4221 587 4263 avec
597 4221 630 4261 ce
645 4220 702 4280 que
716 4154 839 4258 i’auteur
852 4198 929 4257 vient
942 4197 979 4258 de
993 4197 1056 4258 dire
1073 4198 1114 4259 du
1127 4161 1249 4261 bitard.

196 4301 272 4356 tenui
289 4295 391 4353 bonore
405 4305 558 4368 susceptus,
570 4295 711 4369 repulsam
724 4295 845 4368 accepit,
860 4302 913 4348 ete

354 4423 384 4460 ιι
1056 4397 1094 4455 tc
