3282 5168
619 569 729 626 urna
755 569 939 642 Quaeres.
986 582 987 590 Ν

592 836 846 910 οΑΡιτυιυΜ
874 827 966 909 xlv.
1007 909 1011 917 f

246 1032 396 1104 Quomodo
408 1031 464 1088 dux
482 1034 643 1106 Burgrmdin
657 1051 740 1092 cantra
752 1013 902 1114 imperialia
915 1037 1024 1104 invasio
1045 1051 1071 1094 et
1088 1036 1123 1093 dc
1142 1037 1230 1110 reditu
1243 1035 1311 1115 roffi

285 1117 450 1251 {¹33ng
461 1135 492 1170 ex
504 1117 679 1218 Normannia,
691 1119 738 1190 qni
748 1120 935 1192 imperatorem
945 1111 985 1172 ad
992 1118 1204 1195 componendam
1217 1138 1309 1194 pacem
1370 1126 1374 1134 '

303 1380 393 1450 Cum
414 1377 534 1473 igitur,
557 1375 799 1474 frequentibus
820 1350 1136 1452 intercurrentibui
1158 1381 1309 1475 nuntiis,
1362 1440 1368 1454 .

254 1495 384 1565 certior
395 1506 487 1567 esset
497 1492 609 1564 factus
622 1493 817 1592 imperator
829 1515 946 1590 regem
959 1519 1041 1565 curu
1055 1495 1191 1590 maguis
1200 1498 1312 1594 copiis

254 1631 333 1680 esse
349 1610 386 1678 in
401 1607 574 1697 Picardia,
594 1606 737 1704 illicque
755 1607 875 1679 omnia
893 1605 959 1678 sibi
977 1632 1146 1707 prospere
1163 1609 1311 1705 cedere,

254 1746 400 1822 sperans
413 1721 602 1821 quod¹vel
622 1724 659 1793 in
682 1723 826 1821 propria
848 1720 915 1820 [se]
934 1721 1001 1793 sibi
1020 1723 1255 1820 adjungeret',
1278 1742 1314 1800 et

223 1849 226 1858 '
254 1863 295 1910 ex
325 1863 388 1910 sua
410 1853 510 1938 parte
536 1838 687 1936 quisque
714 1863 841 1910 eorum
865 1838 1163 1935 Burgundionum
1184 1840 1314 1916 ducem

255 1955 535 2050 constringeret,
554 1967 591 2025 et
614 1954 858 2026 necessitatem
885 1953 1037 2028 cedendi
1065 1968 1126 2028 aut
1145 1958 1314 2029 movendi

212 2067 214 2078 '
256 2097 293 2143 se
309 2071 356 2144 ed
373 2085 552 2147 certamen
575 2069 743 2143 adversus
762 2083 835 2142 tam
851 2085 1016 2170 potentes
1036 2095 1079 2144 ac
1104 2096 1316 2150 numerosos
1396 2097 1399 2104 ·

257 2187 430 2260 exercitus
447 2202 666 2286 perurgeret,
686 2199 810 2259 contra
824 2212 916 2286 quos
938 2188 1037 2261 nulla
1054 2203 1115 2262 aut
1127 2191 1315 2289 perexigua

257 2329 337 2404 spes
355 2306 512 2378 victoriae
535 2305 603 2379 sibi
620 2306 741 2378 relicta
763 2304 966 2398 videretur3
991 2320 1053 2380 aut
1071 2308 1212 2403 saltem,
1232 2310 1315 2382 siin

257 2421 403 2521 propria
420 2421 568 2493 minime
593 2420 690 2495 idem
713 2446 781 2500 rex,
790 2421 997 2515 accederet,
1016 2423 1116 2520 quod
1132 2425 1316 2523 copiarum

258 2561 403 2611 suarum
419 2537 605 2608 meliorem
625 2536 855 2636 portionem,
878 2530 946 2610 sub
963 2537 1094 2610 ducatu
1113 2538 1316 2638 aliquorum

258 2679 302 2727 er
316 2651 516 2753 potioribus
540 2651 692 2724 ducibus
712 2652 802 2743 suis,
821 2651 889 2726 sibi
908 2653 1124 2727 destinaret:
1144 2657 1258 2730 movit
1275 2683 1316 2730 ex

213 2803 216 2810 ·
257 2770 340 2842 loco
357 2792 431 2866 quo
447 2766 676 2860 consederat,
696 2782 731 2838 et
749 2767 850 2863 juxta
861 2781 974 2841 castra
992 2768 1092 2844 ducis
1108 2772 1317 2868 Burgundioe
1337 2866 1339 2874 ‚

259 2909 323 2960 sna
338 2885 458 2957 locare
474 2883 691 2956 constituit⁸.
1339 2890 1340 2902 ¹

307 3001 416 3088 Quod
435 2999 625 3101 pervidens
642 2992 939 3098 Burgundionum
955 3001 1041 3094 dux,
1060 3005 1318 3102 promissorum

244 3143 339 3219 ¹quae
355 3118 401 3192 ad
418 3143 503 3191 suos
521 3118 652 3192 fecerat
667 3143 741 3190 non
759 3118 961 3213 immemor,
980 3122 1188 3221 priusquam
1206 3126 1320 3197 muni·

301 3329 330 3385 l.
353 3323 488 3406 Chapitre
500 3325 635 3406 imprime
645 3326 930 3406 dans'l’Amplissima
942 3335 1076 3408 collectio,
1091 3345 1112 3392 t.
1127 3334 1317 3410 1v‚eol.7tl.

302 3418 331 3472 2.
353 3418 533 3492 speransque
545 3414 617 3474 dens
631 3414 659 3474 le
671 3435 725 3474 ms.
1010 3417 1012 3424 ’
1095 3410 1111 3424 ”
1211 3457 1213 3464 ·

301 3505 329 3564 3.
353 3503 565 3564 Seue-entendu
577 3525 709 3582 persona.
729 3503 817 3563 Louis
838 3507 881 3564 Xl
898 3506 976 3566 avait
994 3507 1090 3568 donne
1109 3505 1321 3583 ellectivement

262 3602 306 3651 cet
323 3593 420 3672 espoir
439 3595 457 3650 a
477 3592 660 3679 l'empereur.
685 3592 806 3651 Molinet
827 3609 963 3674 rapporte
985 3596 1012 3656 le
1031 3609 1116 3660 terte·
1132 3597 1219 3660 d’une
1239 3601 1321 3660 letne

262 3682 348 3742 ecrite
359 3702 413 3761 par
424 3682 542 3742 celui-ci
555 3701 613 3742 anx
626 3679 770 3740 habitante
787 3682 823 3742 de
838 3687 992 3758 Neuss,oi1
1011 3712 1026 3742 ι
1041 3689 1125 3748 estoit
1139 3690 1252 3750 enclose
1264 3707 1322 3750 une
1342 3695 1346 3706 '

262 3773 350 3852 petite
361 3771 474 3832 cedulle
486 3783 641 3831 contenent
653 3784 798 3852 comment
809 3773 836 3832 le
850 3772 892 3832 dit
904 3793 1057 3855 empereur
1070 3778 1149 3838 avoit
1161 3780 1273 3857 envoye
1285 3779 1322 3840 dc
1348 3791 1349 3794 ’

262 3861 363 3922 rechel
376 3881 428 3929 son
442 3861 610 3922 ambassade
624 3881 677 3941 par
690 3861 793 3921 devere
806 3861 833 3922 le
847 3882 901 3940 roy
914 3863 950 3923 de
963 3867 1088 3940 France,
1106 3859 1230 3944 laquelle
1244 3869 1323 3928 avoit

262 3953 415 4012 rencontre
427 3953 455 4012 le
470 3951 674 4022 chevaucheur
687 3950 727 4010 du
740 3970 805 4030 roy,
822 3950 871 4029 qui
885 3952 1070 4033 tesmoiguoit
1079 3967 1224 4014 comment
1234 3954 1255 4013 il
1269 3971 1322 4016 ve·
1412 4001 1414 4008 .

262 4043 326 4102 noit
340 4063 375 4100 en
388 4063 422 4101 sa
431 4063 581 4120 personne,
596 4055 624 4102 et
638 4041 722 4102 estoit
739 4059 775 4100 en
793 4039 908 4100 chemin
929 4045 946 4100 a
964 4055 1026 4102 tout
1039 4043 1130 4122 grand
1149 4044 1270 4104 nombre
1286 4045 1323 4106 dc

263 4151 334 4212 gens
354 4131 494 4202 dames,
515 4151 591 4210 pour
612 4143 686 4191 estre
707 4149 745 4188 au
765 4149 882 4190 sccours
899 4143 929 4190 et
949 4130 1023 4209 ayde
1040 4131 1076 4192 de
1097 4133 1280 4214 l'empercnr.
1305 4163 1320 4194 ι

266 4223 448 4300 Clrrom'ques,
462 4221 483 4280 1.
499 4221 527 4294 1,
544 4240 570 4278 c.
584 4239 650 4278 xm.

303 4315 333 4374 l·
356 4317 397 4372 Le
411 4315 449 4371 23
464 4310 521 4372 mei
535 4315 626 4370 1475.
