3272 5182
576 524 685 580 LIBER
711 525 875 584 TERTIUS.
1196 525 1254 581 2³9

198 654 380 752 potuisse3
403 669 618 752 rogatusque
639 651 686 728 ab
713 680 778 742 eo,
805 657 871 754 ipsi
897 655 1048 728 domino
1067 656 1251 751 Bastardo,

198 771 505 869 quemadmodum
520 769 592 845 iide
606 797 670 845 sua
685 773 859 876 iacturum
873 791 1068 873 receperat,
1084 801 1143 847 eas
1159 776 1254 848 inico

199 886 422 974 reddiderat,
446 888 650 959 existimans
669 912 710 959 ex
737 889 1035 986 superscriptione
1060 891 1158 986 quod
1180 891 1255 988 ipse

198 1018 306 1092 esset,
324 1005 382 1074 cui
405 1003 485 1092 ille,
509 1003 571 1101 qui
599 1003 665 1074 sibi
692 1005 835 1076 easdem
861 1005 1071 1093 tradiderat,
1098 1004 1254 1078 redditas

199 1143 275 1190 esse
292 1118 413 1210 vellet3
431 1118 537 1190 alium
558 1121 667 1208 euim,
686 1135 812 1218 praeter
828 1146 923 1214 eum,
944 1122 1150 1194 Bastardum
1168 1110 1275 1194 Bur-⁸

200 1235 340 1330 gundiae
357 1236 503 1307 minime
518 1251 760 1334 cognosceret.

247 1356 345 1423 Tunc
370 1352 563 1424 sciscitatus
588 1367 640 1424 est
663 1351 708 1424 ab
730 1377 773 1424 eo
790 1353 886 1424 idem
912 1353 1079 1426 dominus
1098 1354 1189 1440 dux,
1209 1379 1254 1426 ao

200 1465 384 1539 homiuem
409 1466 531 1556 illum,
563 1468 626 1564 qui
655 1466 722 1539 sibi
746 1491 805 1539 eas
830 1468 1003 1560 dedisset,
1034 1470 1128 1542 bene
1154 1494 1254 1542 reco-

202 1597 405 1679 gnosceret,
420 1585 448 1654 si
463 1607 547 1654 eum
564 1582 654 1654 forte
672 1582 804 1655 alicubi
821 1584 1007 1658 inveniret.
1022 1589 1093 1672 Qui
1110 1611 1256 1684 respon·

200 1697 252 1768 dit
269 1699 317 1769 ita
337 1698 403 1770 sibi
416 1699 543 1772 videri.
562 1699 669 1770 Jussit
689 1700 808 1797 itaque
825 1700 872 1771 ad
888 1701 1007 1772 statim
1022 1699 1118 1773 idem
1138 1702 1256 1773 domi·

200 1839 268 1886 nus
287 1814 361 1887 dux
381 1802 574 1888 ascendere
590 1816 727 1910 aliquot
745 1817 881 1910 equites
897 1831 932 1887 et
947 1817 1119 1889 rusticum
1135 1842 1257 1890 secum

148 2024 153 2034 ,
200 1929 356 2023 ducere,
376 1947 484 2028 atque
508 1956 591 2003 cum
612 1931 713 2002 omni
739 1931 981 2024 festinatione,
1002 1933 1164 2028 quamvis
1182 1933 1257 2028 jam

201 2073 273 2120 nox
290 2065 400 2142 esset,
416 2050 462 2122 ad
477 2050 889 2123 Sanctum-Odomarum
909 2051 1098 2150 proficisci.
1118 2052 1258 2124 Baidui-

200 2187 268 2233 nus
286 2179 422 2256 autem,
439 2165 486 2237 ad
502 2189 610 2262 quem
627 2163 835 2260 hujusmodi
856 2165 979 2237 litterae
995 2165 1254 2258 scribebantur,

200 2304 274 2352 nou
294 2285 510 2381 exspectavit
533 2295 572 2352 ut
588 2281 634 2353 ad
659 2307 696 2354 se
713 2283 979 2355 accersiendum
998 2284 1173 2374 mitteret;
1194 2284 1258 2356 sed

201 2395 292 2469 maie
309 2397 377 2470 sibi
397 2400 583 2496 conscius,
602 2398 696 2470 illico
720 2412 759 2468 ut
779 2397 885 2470 frater
901 2425 985 2470 suus
1002 2402 1193 2471 Antonius¹
1211 2400 1257 2474 ab

201 2536 244 2583 eo
262 2513 495 2606 discessisset,
520 2515 626 2586 celeri
652 2513 719 2585 sibi
744 2513 824 2610 suga
846 2516 1039 2588 consuluit.
1059 2518 1258 2615 Suppliciu-

202 2652 280 2700 rum
301 2630 398 2700 enim
418 2645 534 2721 metu,
556 2655 622 2729 pro
640 2629 770 2726 quibus
790 2633 958 2703 meritum
975 2657 1013 2704 se
1033 2657 1257 2730 comparasse

201 2744 351 2836 sciebat,
367 2747 564 2834 exterritus,
584 2747 675 2818 adeo
694 2749 884 2820 maturavit
899 2747 1039 2843 sugam,
1060 2764 1117 2843 ut,
1137 2774 1259 2847 quam·

199 2839 254 2931 vis
270 2860 423 2933 obseura
442 2862 516 2958 jam
542 2886 613 2933 nox
639 2885 740 2959 paene
763 2877 871 2950 esset,
892 2863 1085 2934 crastinum
1110 2865 1258 2935 minime

201 2978 462 3074 expectandum
490 2977 645 3070 duxerit,
669 2977 732 3049 sed
756 2978 865 3070 illico,
884 2979 1019 3049 nemini
1036 2979 1255 3071 valedicens,
1347 3026 1349 3034 ι

200 3115 396 3165 conscenso
421 3091 542 3192 [equo]
565 3093 641 3165 siue
661 3092 747 3165 sella
764 3107 799 3163 et
821 3093 896 3165 sine
914 3094 1044 3187 ocreis,
1060 3095 1157 3172 solus
1174 3120 1258 3166 cum

201 3210 311 3281 unico
329 3234 508 3306 mangone
525 3223 667 3308 portam
685 3209 810 3309 oppidi
825 3210 986 3296 exiverit,
1009 3225 1044 3281 et
1060 3212 1144 3308 quia
1162 3241 1179 3279 u
1195 3236 1258 3310 pe·

201 3323 306 3396 dibus
328 3328 435 3397 timor
459 3325 526 3397 sibi
548 3325 736 3398 addiderat
756 3327 845 3419 alas,
868 3355 885 3394 u
905 3351 979 3397 non
1008 3340 1090 3398 ante
1114 3352 1259 3398 cursum

199 3441 385 3513 retinuerit
410 3465 537 3538 quam,
566 3441 713 3512 flumine
735 3445 940 3512 Summonae
960 3443 1185 3536 transmissu,
1202 3443 1259 3516 =ad

200 3569 312 3628 terras
327 3581 407 3654 quae
422 3570 505 3628 sunt
521 3556 669 3628 ditionis
687 3557 791 3652 regiae
806 3561 1033 3654 pervenisset.

250 3673 357 3770 Cujus
382 3673 463 3768 suga
487 3687 558 3744 tam
581 3671 705 3744 celeris
731 3673 873 3767 cognita
889 3673 1176 3748 vehementiores
1193 3674 1259 3746 do·

201 3790 300 3862 mino
326 3790 430 3878 duci,
455 3789 553 3862 fratri
576 3813 662 3879 suo,
689 3787 910 3885 suspiciones
926 3789 1083 3864 adauxit.
1105 3796 1194 3863 Nam
1210 3792 1259 3863 ita

201 3931 293 4001 sese,
320 3923 359 3979 ut
386 3907 469 4005 suga
494 3906 587 3979 elabi
610 3920 748 4005 posset,
772 3905 1020 4003 praecipitavit,
1046 3923 1088 3979 ut
1108 3907 1259 3980 tollendi
1287 3921 1290 3928 '

201 4047 328 4097 aurum
345 4039 381 4097 et
396 4038 603 4120 argentum,
622 4021 721 4120 quod
749 4020 832 4092 satis
857 4019 1053 4120 plurimum
1077 4021 1256 4115 habebat,

241 4277 273 4338 1.
295 4274 439 4352 Antepm⁹,
453 4273 536 4350 leqon
550 4271 676 4333 vicieuse
690 4291 765 4352 pour
776 4275 931 4350 Antonius,
945 4274 1016 4334 dans
1029 4275 1058 4334 le
1073 4293 1127 4338 ms.
