3402 5186
401 527 439 585 ss
669 521 929 580 nrsromnnuu
949 522 1127 580 tunoncr
1146 524 1203 613 xi„

401 654 603 756 promisisse
617 654 691 751 regi
708 657 913 750 drogonum
932 652 1142 749 serebatur),
1160 656 1381 725 Francorum
1398 675 1459 724 rex

399 795 473 843 non
492 771 566 867 regi
582 775 805 867 Aragonum,
821 768 884 841 sed
903 767 971 841 sibi
996 771 1116 867 potius
1143 793 1205 840 eos
1229 769 1459 866 acquisivisse

398 887 567 960 ostendit.
590 891 680 960 Nam
701 886 747 957 ab
768 884 935 958 omnibus
956 884 1113 957 vassallis
1136 897 1171 955 et
1192 882 1360 977 subditis,
1384 898 1458 958 tam

300 1073 301 1080 χ
398 999 580 1073 nobilibus
592 1025 702 1098 quarn
717 997 881 1099 plebeiis,
901 1013 1122 1072 sacramenta
1142 998 1302 1096 homagii
1320 1012 1356 1070 et
1371 997 1458 1071 iide-

396 1119 505 1192 litatis
522 1120 653 1214 exegit,
675 1138 814 1216 suoque
831 1117 980 1189 nomine
1007 1115 1177 1189 officiales
1197 1140 1265 1215 pro
1287 1114 1459 1189 custodiis

394 1237 531 1308 arcium
555 1248 590 1307 et
613 1249 829 1323 castrorum,
847 1250 884 1306 et
906 1234 994 1306 alios
1012 1257 1261 1332 quoscumque
1280 1233 1400 1332 posuit
1423 1247 1459 1305 et

396 1351 560 1425 instituit.
577 1353 664 1438 Quae
680 1373 736 1422 res
751 1349 914 1450 plurimis
930 1374 972 1421 ex
988 1349 1039 1420 eis
1055 1348 1238 1422 nobilibus
1253 1363 1289 1420 et
1304 1339 1382 1421 eliis
1396 1373 1458 1448 po·

395 1466 507 1564 pulis¹
523 1465 755 1538 vehementer
772 1464 968 1564 displicuit3
992 1464 1060 1564 ipsi
1084 1489 1230 1561 quoque
1253 1467 1457 1562 Aragonum

394 1586 470 1681 regi
483 1583 559 1682 (qui
575 1584 641 1657 sibi
657 1585 817 1676 eosdem,
836 1597 942 1680 atque
960 1582 1049 1654 alios
1065 1583 1217 1656 rebelles
1234 1582 1314 1674 sibi,
1334 1583 1457 1682 acqui·

396 1700 526 1774 nendos
559 1702 835 1792 existimaverat,
868 1699 980 1772 tribus
1012 1701 1134 1772 castris
1169 1725 1236 1799 pro
1270 1703 1457 1774 securitate

392 1841 539 1888 summae
556 1817 736 1915 promissae
752 1817 790 1887 in
806 1813 973 1886 manibus
988 1819 1208 1888 Francorum
1232 1817 1324 1910 regis
1350 1816 1457 1889 tradi·

393 1933 449 2022 tis,
462 1948 622 2032 utsupra
638 1932 840 2029 retulimus)
854 1931 1002 2003 minime
1012 1945 1111 2026 grata
1123 1931 1202 2004 tuit.
1215 1931 1286 2004 Sed
1300 1933 1456 2005 fortassis

391 2047 637 2144 bocejusdem
649 2049 742 2145 regis
757 2048 834 2121 aliis
851 2047 1008 2120 exhibita
1023 2047 1185 2146 exigebat
1200 2047 1288 2121 fides
1304 2064 1354 2136 ut,
1370 2075 1458 2148 quo·

393 2161 504 2236 modo
521 2165 598 2236 aliis
614 2164 843 2256 seryavisset,
860 2164 1013 2236 invicem
1029 2187 1174 2261 quoque
1190 2165 1227 2236 in
1242 2189 1326 2236 eurn
1340 2166 1457 2238 incur·

392 2279 493 2351 risset
510 2303 531 2351 a
548 2305 622 2377 quo
639 2279 706 2352 sibi
723 2278 899 2352 consimili
917 2293 952 2350 et
968 2280 1046 2378 pari
1069 2280 1270 2376 integritate
1298 2304 1456 2354 servare·

393 2406 463 2464 tur.
483 2396 624 2469 invenit
640 2395 737 2468 enirn
753 2395 908 2468 venandi
927 2396 1137 2468 consocium
1155 2397 1219 2493 qui
1234 2410 1353 2496 partes
1367 2397 1453 2487 sibi,
1469 2455 1473 2462 .

394 2523 433 2580 ut
453 2512 576 2609 AEsopi
601 2511 720 2586 sabula
743 2527 845 2590 vetus
872 2510 1000 2604 habet,
1019 2511 1130 2584 instar
1154 2511 1269 2584 leonis
1295 2511 1452 2586 iaceret:

392 2642 557 2724 expertus
582 2630 743 2728 profecto
768 2627 870 2727 quod
892 2652 978 2701 vera
1005 2641 1041 2699 et
1066 2625 1261 2701 infallibilis
1289 2616 1349 2701 illa
1368 2629 1457 2725 juris
1574 2625 1579 2634 ’

392 2742 505 2816 civilis
532 2745 653 2843 regula
682 2748 853 2819 exsistat:
885 2775 902 2810 α
930 2743 1198 2818 Potentioribus
1221 2743 1326 2817 nobis
1355 2769 1456 2843 pares

393 2883 468 2932 esse
486 2884 560 2932 non
581 2886 785 2960 possumus.
803 2891 819 2928 u

442 2980 486 3048 Et
499 2975 627 3049 talibus
643 2976 755 3048 modo
767 2991 874 3072 atque
888 2975 1023 3050 artibus
1035 2976 1125 3054 fines
1136 2978 1237 3074 regni
1249 2978 1318 3071 sui,
1335 2997 1456 3050 versus

393 3089 653 3163 Celtiberorum
674 3106 812 3188 gentes,
836 3091 1039 3164 Ludovicus
1056 3117 1119 3165 rex
1135 3098 1355 3166 Francorum
1372 3117 1456 3192 pro·

391 3206 554 3302 pagavit3
572 3205 617 3278 de
632 3205 832 3279 barcinona
845 3221 964 3280 autern
980 3223 1088 3304 atque
1104 3207 1181 3281 aliis
1194 3208 1339 3308 oppidis
1356 3222 1391 3280 et
1410 3210 1457 3282 ci·

391 3320 571 3412 vitatibus,
591 3347 670 3420 quae
688 3323 727 3394 in
752 3321 947 3398 rebellione
966 3323 1221 3425 persistebant,
1241 3325 1456 3398 edomandis

391 3437 481 3511 nihil
497 3463 535 3512 se
552 3441 695 3538 penitus
714 3465 839 3513 curare
857 3441 1025 3514 ostendit.
1048 3426 1157 3530 Quod
1175 3443 1212 3514 in
1231 3466 1456 3539 consequen-

391 3553 486 3627 tibus
504 3579 570 3628 suo
586 3557 669 3629 loco
685 3556 902 3630 luculentius
917 3557 1117 3658 apparebit.

428 3715 461 3818 ¹l.
484 3756 579 3816 Plutdt
589 3757 789 3837 popularibus.
