3014 5010
506 416 617 473 matt
636 415 786 474 ramus.
1137 420 1175 476 8⁸

122 549 229 624 vitate
245 548 298 620 sui
314 548 505 639 adventus,
524 547 714 637 Ludovici,
729 551 949 620 Francorum
966 549 1069 644 regis,
1087 548 1180 621 lama

121 664 205 736 satis
226 663 375 736 celebris
399 663 497 762 apud
517 662 691 761 plurimos
720 679 963 760 percurreret,
989 665 1052 761 qui
1073 663 1181 736 fidem

123 805 315 879 moresque
348 804 432 851 suos
462 778 625 850 nondum
657 779 741 849 satis
772 794 976 878 compertos
1007 778 1182 852 habebat¹

121 895 218 968 idem
238 919 298 966 rex
312 898 482 981 loannes,
499 907 540 964 ut
552 892 620 964 sibi
639 892 851 966 rebellantes
867 893 1057 967 Catalanos
1073 899 1181 968 Fran·

122 1036 249 1086 corum
266 1011 374 1084 armis
389 1024 495 1106 atque
512 1007 649 1080 viribus
672 1023 792 1106 posset
807 1034 973 1083 coercere
998 1025 1051 1103 et,
1076 1035 1182 1109 repu-

121 1139 271 1227 gnantes
302 1125 422 1215 licet,
456 1124 505 1198 sd
536 1123 603 1196 sibi
639 1124 839 1223 parendum
868 1140 904 1197 et
939 1125 1184 1199 obediendum

121 1266 313 1335 revocare,
343 1242 515 1315 amicitias
542 1255 578 1313 et
602 1240 734 1313 foedera
760 1266 842 1313 cum
868 1246 1085 1315 Francorum
1102 1267 1184 1340 rege

126 1357 308 1432 ludovico
325 1355 398 1429 hoc
414 1356 527 1429 modo
544 1357 743 1428 contraxit:

171 1473 281 1564 Quod
306 1472 469 1546 videlicet
495 1470 592 1543 idem
615 1476 838 1544 Francorum
864 1497 927 1546 rex
952 1472 1184 1571 promittebat

123 1589 405 1662 Barcinonenses
418 1589 580 1683 aliosque
596 1585 746 1661 rebelles
762 1588 917 1687 propriis
934 1587 1134 1688 sumptibus
1150 1604 1184 1661 et

122 1707 296 1783 militibus
320 1709 392 1780 suis
412 1707 459 1780 ad
483 1707 595 1806 ipsius
616 1707 863 1781 obedientiam
882 1707 1072 1801 reducere,
1100 1711 1184 1783 etei

123 1836 289 1924 parentes
305 1837 413 1920 atque
438 1822 647 1895 obedientes
665 1822 817 1897 efficere.
847 1829 915 1896 Pro
935 1849 1008 1922 qua
1025 1849 1063 1897 re
1076 1824 1184 1924 perfr-

123 1937 252 2012 (a'enda
273 1953 310 2011 et
328 1939 534 2012 necessariis
551 1939 722 2038 impensis
740 1938 978 2038 perferendis,
1005 1939 1185 2038 pollicitus

123 2065 178 2126 est
195 2077 258 2125 rex
276 2058 481 2151 Aragonurn
498 2079 536 2126 se
552 2054 720 2126 daturum
733 2057 766 2126 ei
781 2056 937 2128 ducenta
952 2055 1061 2128 millia
1077 2055 1185 2130 flore·

125 2191 256 2241 norum
277 2169 324 2242 de
349 2171 547 2266 angorum
576 2184 612 2241 et
638 2186 677 2241 ut
703 2170 749 2241 de
773 2194 913 2243 summa
935 2171 1184 2271 hujuscemodi

126 2281 260 2356 idoneo
277 2289 496 2357 Francorum
514 2285 586 2380 regi
601 2299 748 2356 cautum
764 2285 877 2375 lieret,
896 2288 1063 2385 promisit
1077 2290 1184 2360 etiam

125 2397 192 2470 sibi
226 2399 367 2472 tradere
401 2423 526 2471 omnes
558 2398 720 2470 redditus
745 2414 780 2470 et
802 2417 1000 2498 proventus
1027 2403 1182 2476 duorum

77 606 101 677 b

125 2515 373 2597 comitatuum,
391 2513 599 2586 Rossiliouis
610 2513 744 2585 scilicet
760 2528 794 2586 et
806 2514 1018 2608 Ceritaniae',
1033 2540 1098 2615 per
1112 2539 1185 2589 ma·

127 2653 195 2700 nus
220 2655 369 2700 suorum
388 2644 613 2727 receptorum
635 2628 847 2725 quotannis,
867 2654 981 2726 usque
1009 2629 1053 2701 ad
1083 2631 1187 2704 dictae

126 2744 270 2840 integrae
283 2770 430 2815 summae
443 2744 673 2834 solutionem,
684 2743 855 2816 levandos
869 2760 904 2816 et
915 2745 1184 2843 percipiendos3

126 2859 371 2956 consignando
388 2860 493 2931 etiarn
515 2873 550 2930 et
566 2859 813 2932 contradendo
840 2861 876 2930 in
901 2861 973 2931 suis
996 2860 1185 2951 manibus,

127 2975 204 3047 vice
221 2976 399 3073 pignoris,
419 2975 680 3073 possessiouem
696 2990 731 3046 et
744 2976 908 3047 saisinam
928 2977 1035 3047 trium
1053 2977 1186 3049 arcium

170 3186 198 3241 l.
220 3187 261 3242 Le
275 3182 319 3240 roi
334 3181 480 3262 d'Aragou
493 3201 531 3241 ue
543 3181 663 3260 pouvait
672 3200 724 3259 pas
731 3180 815 3240 avoir
824 3179 970 3241 d’illusion
979 3201 1029 3240 sur
1038 3181 1066 3240 le
1077 3195 1189 3260 compte

128 3270 165 3330 de
176 3272 265 3330 Iouis
278 3275 337 3344 XI,
357 3292 407 3330 car
419 3292 456 3332 eu
473 3274 549 3330 lld9
566 3271 587 3328 il
607 3270 685 3329 avait
705 3270 755 3328 sait
772 3290 812 3328 un
827 3270 910 3329 traite
923 3290 994 3330 avec
1007 3270 1125 3330 charles
1137 3274 1190 3331 Vll

129 3379 203 3438 pour
216 3360 318 3419 l’aider
335 3361 477 3420 achatier
493 3379 526 3418 ce
540 3360 585 3418 fils
603 3359 728 3431 rebelle,
745 3373 773 3417 et
790 3359 826 3418 de
840 3359 920 3437 plus,
937 3371 1024 3436 ayant
1036 3359 1189 3419 cherchea

128 3450 201 3510 l'sirc
220 3449 336 3509 onblier
353 3462 427 3509 cette
442 3449 596 3509 demarche
613 3449 730 3525 lorsque
746 3448 848 3507 l'autre
865 3449 909 3506 fut
930 3450 990 3518 roi,
1010 3448 1031 3506 il
1051 3448 1130 3507 avait
1151 3469 1190 3507 vu

126 3537 215 3597 louis
235 3542 294 3610 XI,
315 3538 553 3597 uon-seulement
566 3556 720 3614 repousser
733 3555 778 3594 ses
791 3548 980 3608 ouvertures,
995 3537 1068 3595 mais
1087 3555 1192 3595 encore

128 3623 212 3683 oltrir
224 3645 256 3683 sa
272 3625 432 3703 protection
447 3645 505 3684 aux
528 3625 612 3683 villes
630 3623 666 3681 de
687 3623 854 3703 catalogue·
871 3622 947 3683 C’est
966 3643 1053 3701 parce
1073 3644 1130 3704 que
1150 3625 1193 3683 les

129 3711 213 3771 rilles
226 3732 263 3771 ne
279 3715 436 3774 voulureut
454 3733 505 3792 pas
521 3713 622 3771 laisser
638 3711 793 3790 l'dtrsnger
809 3731 840 3770 se
856 3724 959 3770 mettre
977 3725 1058 3771 entre
1076 3713 1145 3772 elles
1165 3727 1194 3769 et

129 3800 194 3860 leur
206 3802 377 3878 souverain,
397 3822 454 3880 que
474 3803 531 3861 don
548 3806 639 3871 luen,
655 3819 709 3878 par
724 3819 763 3858 uu
777 3800 894 3859 marche
908 3804 947 3860 ob
961 3801 981 3859 il
999 3794 1108 3880 croyait
1122 3801 1192 3879 qu’il

129 3888 263 3970 duperait
278 3892 304 3950 le
315 3892 359 3950 roi
373 3892 409 3950 de
423 3895 548 3964 Frauce,
564 3890 596 3948 fit
611 3901 730 3948 touruer
743 3889 863 3949 celui-ci
876 3889 914 3950 de
926 3911 979 3950 son
993 3892 1068 3950 cote.
1082 3891 1191 3967 carita,

130 3983 237 4037 Anates
259 3982 295 4036 de
318 3985 347 4036 Ia
368 4001 469 4037 corona
489 3983 525 4037 de
549 3985 679 4056 Aragon,
707 3977 727 4039 l.
752 3981 835 4051 XVI,
858 4000 885 4041 c.
907 4000 973 4053 ur,
996 3980 1069 4038 etl.
1092 3982 1191 4055 XVII,

130 4088 158 4128 c.
178 4088 260 4127 xxix.

171 4159 202 4215 1.
224 4162 279 4218 Les
291 4157 401 4216 comtes
414 4155 451 4216 de
467 4156 633 4218 llonssillon
647 4155 724 4215 etde
736 4154 897 4236 Cerdsgns.
