3322 5172
616 583 725 642 snm
744 583 915 657 Qumrus,
1236 589 1291 647 aar

239 715 365 814 suique
389 684 545 809 domini,
576 713 811 812 Lotbaringiae
842 714 965 808 ducis,
988 717 1047 788 cui
1077 740 1115 790 se
1138 717 1291 792 militare

238 829 378 923 aiebat,
398 830 561 926 redigens
576 843 800 928 potestatem.

285 949 414 1018 Fuerat
431 959 550 1020 autem
566 945 800 1042 lotharingiae
816 944 889 1016 dux
906 947 990 1018 satis
1003 945 1065 1019 diu
1081 948 1117 1019 in
1128 952 1287 1041 Francia,

238 1083 322 1131 cum
337 1085 359 1132 a
374 1060 670 1158 Burgundionum
690 1060 781 1131 duce
804 1084 886 1132 suas
903 1075 1014 1133 terras
1036 1063 1180 1159 aggredi
1204 1087 1292 1135 sen-

237 1177 347 1248 sisset.
369 1174 440 1247 Sed
456 1174 520 1247 ubi
537 1200 557 1248 a
573 1200 655 1273 rege
679 1180 897 1249 Francorum
929 1176 1028 1249 nulla
1046 1178 1292 1251 subventionis

234 1315 272 1363 se
286 1292 459 1389 consequi
472 1292 602 1364 auxilia
617 1293 780 1386 agnovit,
797 1290 844 1364 ad
855 1293 1033 1366 Suitenses
1044 1309 1079 1366 et
1093 1297 1291 1368 Germanos

235 1431 272 1478 se
288 1408 440 1481 contulit
455 1421 491 1479 et
506 1407 678 1504 adjunxit.
702 1411 793 1478 Cum
816 1409 1083 1508 quadringentis
1104 1413 1200 1484 enim
1220 1414 1292 1485 eir-

234 1523 320 1595 citer
346 1521 545 1632 equitibus,¹
568 1544 610 1594 ex
631 1523 826 1621 Campania
842 1525 880 1595 in
900 1550 1004 1598 suam
1025 1527 1291 1626 Lotharingiam

228 1635 291 1732 'et,
310 1663 492 1738 peream,
510 1638 548 1708 in
561 1638 791 1710 Germaniam
809 1652 845 1711 et
860 1640 1077 1717 Suitensium
1095 1656 1206 1716 terras
1222 1647 1289 1718 mi·

234 1755 359 1850 gravit.
378 1754 457 1826 Fuit
483 1767 605 1826 autern
628 1754 827 1827 conductus
842 1779 956 1852 usque
976 1755 1021 1828 ad
1039 1757 1290 1831 Sanctum-Ni-

233 1868 393 1942 colaum¹
409 1893 603 1969 perunum
620 1871 890 1968 capitaneorum
907 1871 1028 1968 regis’,
1048 1871 1188 1944 circiter
1205 1897 1290 1946 cum

233 1998 379 2058 centum
391 1986 551 2078 lanceis⁸,
568 1987 678 2084 quise
689 1986 810 2058 locum
821 1987 952 2087 ipsum,
968 2012 1044 2059 non
1061 1987 1290 2062 conducendi

232 2099 362 2174 ducem
383 2103 525 2202 ipsum,
553 2102 622 2176 sed
642 2102 757 2200 solum
775 2103 1070 2201 peregrinationis
1090 2127 1220 2195 causa,
1251 2129 1288 2176 se

232 2217 292 2290 illo
312 2221 499 2294 accessisse
523 2217 726 2315 fingebant,
751 2244 798 2291 ne
817 2220 856 2292 in
878 2219 1123 2318 praejudicium
1146 2237 1287 2318 treuga·

232 2357 312 2406 rurn
329 2336 547 2409 currentium
563 2335 656 2407 inter
668 2357 787 2430 regem
803 2348 839 2406 et
850 2333 980 2408 ducem
993 2335 1288 2432 Burgundionum

232 2449 428 2549 quidquam
449 2465 622 2524 attentare
637 2450 852 2528 dicerentur.
875 2454 925 2520 Ex
941 2453 1072 2523 Sancto
1088 2467 1211 2524 autem
1226 2453 1287 2523 Ni-

231 2563 421 2638 colao‘iuit
439 2567 535 2639 idern
556 2566 629 2640 dux
655 2565 848 2638 associatus
875 2591 940 2665 per
965 2567 1150 2665 praesatum
1178 2568 1288 2640 comi-

230 2693 304 2752 tem
321 2680 366 2753 de
383 2683 506 2754 Bische
516 2735 527 2775 ,
547 2698 583 2754 et
596 2683 825 2778 argentinam
841 2682 996 2782 primum
1013 2707 1051 2755 se
1067 2684 1230 2773 contulit,
1251 2698 1286 2756 et

230 2795 358 2868 exinde
373 2795 557 2886 Basilean'r,
578 2797 624 2870 ad
639 2798 817 2868 Suitenses
832 2821 945 2894 usque
958 2799 1182 2896 perveniens.

278 2912 460 2987 Favebant
481 2928 601 2986 autem
629 2910 697 2984 sibi
721 2936 846 2985 omnes
863 2914 1032 2986 Germani
1056 2926 1092 2984 et
1113 2912 1158 2986 de
1175 2914 1285 3012 ipsius

228 3037 438 3111 laetabantur
457 3038 630 3129 adventu,
650 3061 694 3110 eo
706 3035 828 3134 quod,
844 3035 1150 3132 quemadmodum
1168 3038 1284 3135 stipsi

229 3154 274 3226 ad
302 3154 598 3252 Burgundionum
624 3153 776 3248 ducem,
803 3153 898 3224 velut
923 3176 1154 3226 communem
1176 3155 1285 3226 totius

229 3269 427 3341 Germaniae
447 3269 588 3342 hostem
598 3321 609 3356 ,
630 3270 705 3366 ipse
722 3267 829 3341 etiam
848 3265 931 3339 odia
948 3281 983 3338 et
998 3267 1199 3341 inimicitias
1216 3266 1283 3341 ob·

227 3395 406 3474 servaret3
434 3381 532 3454 unde
558 3397 593 3454 et
619 3383 695 3482 ipse
724 3382 876 3479 cumeis
905 3381 943 3453 in
965 3380 1087 3481 praelio
1113 3382 1174 3454 illo
1190 3383 1285 3456 circa

227 3498 413 3572 castellum
430 3502 555 3568 Morat
568 3495 693 3588 adfuit,
723 3511 759 3569 et
783 3511 925 3570 strenue
952 3511 1025 3570 tam
1047 3497 1149 3571 ducis
1173 3525 1283 3598 quam

228 3615 347 3688 militis
363 3612 479 3687 officia
492 3612 610 3710 gessit.

274 3731 405 3830 Atqui,
425 3753 509 3802 cum
536 3726 608 3800 illic
628 3725 704 3824 ipse
720 3749 804 3798 cum
829 3725 1051 3800 Suitensibus
1077 3743 1114 3801 et
1134 3733 1282 3803 Germa·

268 3971 295 4024 t.
319 3965 525 4028 snut-Nicolas
542 3963 582 4024 du
595 3969 674 4035 Post,
690 3965 707 4021 a
721 3961 792 4020 trois
805 3959 895 4020 lieues
908 3980 945 4020 au
960 3961 1024 4021 dela
1039 3963 1076 4022 de
1089 3966 1199 4042 Nancy.

265 4059 296 4115 2.
318 4061 359 4116 La
370 4055 535 4132 Cbronique
548 4053 585 4114 de
599 4051 737 4115 Lorraine
751 4050 874 4110 attribue
888 4065 963 4112 cette
976 4053 1158 4113 commission
1175 4060 1192 4113 a
1205 4053 1283 4115 deux

226 4142 394 4221 capitaines,
406 4142 449 4202 les
460 4143 609 4222 seigneurs
618 4140 655 4200 de
670 4141 697 4200 la
710 4139 835 4200 Pinacbe
847 4153 875 4200 et
886 4139 1071 4223 d'Abegney';
1086 4142 1157 4201 mais
1171 4164 1204 4203 oe
1217 4158 1282 4204 sont

225 4230 277 4290 des
287 4251 371 4291 noms
384 4250 564 4310 corrompus.
580 4235 659 4290 Dans
669 4235 706 4290 D.
723 4230 843 4304 Calmet,
854 4242 875 4290 t.
891 4235 945 4308 111,
962 4253 1021 4312 pr„
1037 4231 1093 4292 eol.
1107 4232 1199 4309 lxviij.

267 4325 296 4384 3.
317 4325 427 4398 Quatre
441 4336 519 4382 cents
533 4321 640 4396 lances,
656 4321 737 4380 selon
752 4321 779 4380 la
792 4320 957 4399 chronique
971 4323 1008 4382 de
1021 4323 1168 4384 lorraine.
