3282 5168
387 561 445 620 302
658 565 912 623 fflstomtuunt
931 565 1110 626 tunovlct
1130 568 1174 625 xt

385 692 446 765 illo
462 694 585 792 copias
608 695 722 784 misit,
742 708 849 792 atque
869 693 1049 770 civitatem
1069 696 1201 794 ipsam,
1218 697 1255 768 in
1279 723 1351 796 qua
1371 717 1449 772 erat

385 811 482 894 idem
498 835 642 908 comes,
662 812 851 886 obsidione
862 813 979 888 valida
995 815 1191 912 constringi
1207 815 1300 888 lecit.
1318 820 1448 890 Comes

384 945 504 1002 antem
528 945 582 1022 et,
612 955 705 1029 quos
730 955 852 1003 secum
874 931 1051 1023 habebat,
1081 913 1219 1004 strenui
1245 946 1281 1004 et
1311 935 1448 1031 experti

384 1071 568 1122 armorum
591 1050 718 1121 milites
737 1050 885 1122 viriliter
902 1063 937 1123 et
956 1051 1120 1124 animose
1142 1075 1181 1123 se
1204 1063 1239 1122 et
1259 1053 1446 1132 ,civitatem

385 1164 647 1256 defendebant3
667 1164 715 1237 ita
732 1177 772 1236 ut
787 1163 833 1236 de
849 1167 1004 1238 exercitu
1020 1167 1129 1264 regis,
1150 1168 1212 1264 qui
1229 1191 1290 1238 eos
1308 1193 1448 1265 preme·

384 1276 445 1350 bat
468 1278 649 1371 obsessos,
664 1279 838 1378 plurimos
859 1282 1095 1380 perimerent,
1115 1280 1162 1352 de
1178 1280 1359 1380 peditibus
1377 1307 1446 1380 po-

384 1388 534 1479 tissime,
554 1414 646 1487 quos
670 1388 812 1462 francos
838 1391 1037 1488 sagittarios
1061 1403 1206 1463 vocant.
1237 1388 1308 1460 Sed
1336 1415 1445 1481 cum,

384 1507 556 1605 temporis
581 1507 753 1598 decursu,
774 1509 871 1606 ipsos
896 1507 1062 1581 obsessos
1089 1521 1312 1580 commeatus
1336 1521 1371 1578 et
1387 1531 1446 1578 re·

384 1640 466 1692 rum
493 1623 573 1696 usui
601 1623 880 1698 necessariarum
910 1624 1034 1723 inopia
1069 1637 1269 1721 premeret,
1296 1623 1447 1694 tentavit

384 1739 461 1836 ipse
485 1765 609 1813 comcs
631 1765 715 1812 cum
739 1739 891 1812 ducibus
916 1754 953 1811 et
982 1739 1159 1838 magistris
1194 1739 1327 1812 militiae
1355 1740 1446 1836 regis

383 1877 621 1952 componere,
641 1870 935 1955 opportunasque
953 1853 1022 1925 sibi
1036 1855 1135 1953 pacis
1148 1853 1375 1929 conditiones
1391 1855 1447 1924 in-

383 1972 517 2046 venire.
548 1976 646 2060 Quas
669 1997 772 2065 cum,
800 1972 852 2044 uti
876 1971 1068 2070 poscebat,
1094 1972 1242 2045 minime
1267 1971 1356 2060 sibi,
1382 1971 1447 2042 sed

383 2085 450 2158 sub
473 2089 578 2160 certis
603 2087 777 2161 duntaxat
806 2088 888 2160 satis
916 2087 1020 2159 arctis
1049 2102 1084 2160 et
1115 2089 1273 2186 angustis
1309 2083 1448 2184 legibus

382 2200 468 2276 dare
485 2228 589 2301 posse
615 2218 869 2296 assererent,a
897 2229 980 2302 rege
1001 2229 1087 2278 vero
1117 2203 1384 2277 favorabiliores
1412 2216 1448 2276 et

382 2315 630 2392 clementiores
661 2319 780 2392 forsan
809 2333 1041 2418 accepturum
1072 2318 1147 2392 lore
1177 2317 1340 2392 diffidere
1369 2343 1445 2391 non

382 2435 525 2531 debere,
545 2437 695 2537 polliciti
711 2451 796 2509 sunt
816 2436 933 2509 eidem
951 2435 1066 2533 quod¹
1083 2461 1167 2508 eum
1182 2433 1230 2507 ad
1250 2459 1369 2532 regem
1387 2459 1448 2507 se-

382 2577 468 2625 cure
485 2551 723 2647 deducerent,
752 2565 792 2624 ut
816 2551 862 2624 ab
889 2575 954 2647 e0‚
984 2553 1014 2624 si
1036 2565 1174 2650 posset,
1194 2553 1344 2650 gratiam
1367 2575 1446 2622 am·

381 2668 534 2768 pliorem
551 2684 658 2767 atque
676 2668 885 2742 uberiorem
899 2681 1120 2767 reportaret3
1140 2668 1273 2740 sivero
1298 2666 1333 2738 id
1356 2691 1447 2739 con-

381 2788 516 2883 sequia
534 2809 615 2882 rege
633 2809 708 2858 non
729 2784 876 2872 valeret,
897 2782 1106 2884 oblatasque
1121 2782 1189 2856 sibi
1204 2784 1303 2883 pacis
1321 2781 1448 2854 condi·

381 2901 497 2973 tiones
514 2925 588 2973 non
608 2901 754 2973 duceret
767 2898 1023 3000 acceptandus,
1038 2901 1145 2974 etiam
1159 2925 1241 2973 eum
1258 2897 1343 2972 inde
1360 2925 1445 2972 cum

381 3015 453 3090 lida
484 3031 518 3089 et
544 3017 715 3090 inviolata
740 3017 947 3105 securitate,
973 3041 1046 3115 quo
1078 3017 1202 3108 vellet,
1233 3014 1445 3088 reducturos

381 3133 519 3205 salvum
541 3135 804 3232 promiserunt,
832 3157 946 3231 usque
970 3133 1076 3206 etiarn
1103 3132 1149 3205 ad
1177 3146 1347 3205 montana
1373 3157 1446 3205 suae

381 3248 481 3320 vallis
498 3252 635 3338 Aurae',
657 3249 686 3320 si
703 3248 775 3319 hoc
792 3246 1024 3320 desideraret.

430 3361 505 3440 Sub
522 3364 651 3463 quibus
668 3363 985 3464 promissionibus,
1007 3379 1041 3436 et
1058 3363 1104 3436 de
1122 3363 1206 3462 ipsis
1226 3363 1331 3463 plene
1353 3387 1443 3436 con·

382 3481 484 3576 fisus,
504 3509 589 3557 cum
607 3509 675 3583 pro
697 3499 859 3582 ternpore
874 3482 1061 3556 meliorem
1078 3505 1144 3554 suo
1158 3482 1357 3556 infortunio
1374 3484 1445 3554 exi·

381 3614 458 3673 tum
476 3625 550 3675 non
568 3599 723 3692 videret,
744 3601 847 3698 regiis
863 3600 949 3699 ipsis
972 3597 1124 3671 ducibus
1148 3612 1254 3696 atque
1271 3594 1444 3671 militibus

380 3733 584 3817 aperturam
600 3732 788 3817 portarum
805 3717 906 3807 fecit,
929 3741 1063 3814 eosque
1085 3715 1243 3788 insuam
1265 3716 1445 3788 civitatem

379 3836 544 3936 recepit'.
570 3839 686 3924 Quam
711 3859 794 3908 cum
820 3834 968 3929 ingressi
992 3833 1157 3921 luissent,
1185 3857 1344 3930 moxque
1371 3833 1446 3906 rixa

381 3951 544 4051 quaedam
561 3952 654 4024 inter
674 3952 829 4050 aliquem
848 3949 896 4023 de
913 3951 985 4022 suis
1009 3965 1045 4022 et
1070 3949 1178 4021 alium
1204 3948 1250 4021 de
1268 3949 1444 4024 militibus

422 4151 451 4207 l.
472 4151 523 4206 Ad
533 4165 571 4206 au
584 4146 644 4208 lieu
656 4143 692 4205 de
705 4144 866 4225 quoddam
882 4145 911 4207 le
924 4165 978 4207 ms.

419 4239 449 4298 2.
473 4241 547 4316 Voy.
564 4235 717 4311 cidessus,
733 4255 765 4316 p.
780 4238 849 4296 att.

420 4330 449 4387 3.
471 4331 511 4388 Le
527 4331 544 4386 ⁵
562 4344 638 4388 mars
651 4329 739 4387 urs.
