3014 5010
557 418 667 475 unna
688 417 890 475 SECUNDUS.
1199 416 1255 474 lYl

243 554 327 625 Erat
346 562 470 624 artem
490 523 680 647 perfacile,
699 547 873 644 quoniam
897 570 979 634 rex,
999 545 1045 618 de
1063 546 1147 644 ipsis
1168 570 1259 617 con·

192 665 278 742 licus
295 665 456 764 nihilque
473 664 611 737 adversi
628 665 845 762 suspicatus,
871 663 922 735 eis
940 687 1065 735 curam
1080 677 1116 735 et
1129 677 1261 734 custo-

192 783 291 859 diam
306 783 418 882 ipsius
434 781 533 857 urbis
560 795 596 854 et
616 781 707 872 aruis
729 781 889 877 ejusdem
912 782 1153 854 commiserat.
1174 783 1263 868 Quae
1389 838 1392 844 .

193 923 269 989 arx,
295 913 331 971 et
353 897 580 995 ad'caurpos
601 909 638 969 et
667 894 712 968 ad
740 894 891 985 urbem,
922 896 1102 991 ingressus
1131 895 1263 968 liberos

195 1029 303 1113 atque
319 1015 436 1092 exitus
455 1012 577 1089 hahet.
596 1015 817 1110 conceptam
837 1012 944 1108 igitur
960 1013 1053 1084 iuter
1069 1037 1105 1083 se
1118 1027 1155 1083 et
1179 1035 1263 1085 suos

194 1143 427 1205 assectatores
454 1126 663 1224 hujusmodi
700 1125 939 1205 defectionem
975 1142 1011 1199 et
1039 1126 1263 1199 voluntatem

194 1246 447 1322 denuntiatum
489 1243 664 1319 miserunt
701 1243 880 1341 praecipue
919 1243 1073 1317 domiuo
1105 1242 1260 1330 Carolo,

194 1386 366 1460 germano
383 1361 492 1459 regie,
510 1374 549 1434 et
567 1358 696 1432 comiti
711 1359 887 1431 Duneusi.
908 1358 981 1445 Qui
1000 1358 1047 1431 de
1061 1381 1107 1431 ea
1125 1383 1164 1431 re
1182 1357 1263 1456 plu·

194 1479 328 1552 rinrmn
350 1478 460 1576 gavisi
476 1488 628 1568 stu1‚›et
646 1472 745 1548 nullo
759 1472 872 1547 modo
887 1497 967 1546 eam
989 1472 1261 1572 negligendam,

194 1596 257 1669 sed
284 1610 360 1669 tota
388 1593 571 1692 diligentia
595 1590 885 1689 prosequendam
916 1613 992 1662 esse
1022 1604 1261 1682 censuerunt3

194 1737 310 1811 eoque
331 1711 465 1808 gratier
485 1721 521 1783 et
536 1708 718 1806 acceptior
735 1706 959 1807 principibus
976 1705 1061 1799 luit,
1079 1707 1202 1803 quod,
1224 1721 1264 1780 ut

194 1825 368 1904 domiuus
390 1827 539 1903 Carolus
562 1819 734 1900 ducatum
759 1828 988 1899 Normanniae
1013 1841 1263 1923 assequeretur

195 1947 329 2044 (quem
343 1969 365 2018 a
380 1958 483 2045 patre
496 1944 563 2018 sibi
578 1946 754 2018 donatum
773 1944 877 2016 luisse
894 1942 1094 2040 ferebant),
1112 1969 1263 2041 magno·

195 2086 281 2161 pere
291 2063 484 2162 cupiebant
493 2086 620 2134 omnes
634 2061 813 2161 principes
822 2073 857 2132 et
867 2061 957 2133 socii
973 2060 1149 2133 factionis.
1163 2062 1262 2133 Exis-

196 2177 371 2251 timabant
384 2179 486 2252 enim
499 2204 577 2250 non
597 2176 845 2276 imprudenter
860 2176 984 2274 quod,
1006 2175 1069 2248 uhi
1085 2181 1263 2249 Norman·

197 2294 295 2365 niam
321 2311 504 2368 assecutus
529 2293 623 2365 foret
648 2294 769 2388 (quae,
798 2293 875 2363 sine
900 2290 1024 2388 aliqua
1050 2292 1264 2364 intermedia

197 2423 307 2502 terra,
327 2436 369 2483 ex
388 2436 461 2483 uno
475 2422 636 2481 extremo
651 2407 736 2479 duci
750 2408 954 2495 Britanuiae,
969 2432 1013 2478 ex
1025 2406 1137 2479 altero
1152 2434 1267 2500 vero,

197 2525 343 2598 modico
374 2538 525 2623 excepto
557 2521 769 2614 intervallo,
800 2521 901 2625 terris
925 2521 1026 2593 ducis
1051 2522 1265 2619 Burgundioe

196 2639 481 2735 conterminat),
503 2640 601 2737 ipsos
619 2653 690 2711 tres
707 2638 908 2737 principes,
939 2637 987 2709 ita
1009 2663 1047 2708 se
1072 2639 1158 2736 ipsis
1174 2626 1264 2721 vicis·

196 2770 341 2844 nantes,
364 2755 464 2827 sacile
483 2778 522 2825 se
545 2769 672 2825 contra
686 2778 806 2849 regem
820 2767 855 2823 et
873 2752 962 2825 alios
983 2752 1052 2824 sibi
1070 2752 1264 2827 soederatos

196 2894 303 2969 posse
320 2869 428 2943 tutari
443 2893 485 2942 ac
502 2867 697 2940 defendere
725 2870 824 2963 (cum
839 2867 947 2938 etiam
965 2882 1001 2938 et
1022 2868 1140 2939 littora
1156 2869 1264 2940 maris

198 2987 413 3079 tenuissent,
431 3009 454 3059 n
479 2983 614 3056 finibus
631 2982 805 3056 Flandriae
829 3008 943 3080 usque
964 2984 1206 3079 pictaviam),
1228 2999 1264 3057 et

197 3125 263 3198 per
287 3100 359 3173 hoc
383 3125 511 3174 eorum
540 3098 710 3198 potentia
737 3112 846 3195 atque
866 3096 1020 3188 viribus,
1048 3099 1098 3170 sic
1119 3115 1262 3172 conter·
1327 3175 1334 3185 ,

199 3216 421 3290 minantibus
431 3214 687 3312 eteonjunctis,
698 3237 819 3308 regem
828 3212 1063 3285 verisimiliter
1073 3215 1264 3313 prevalere

198 3360 274 3408 non
285 3362 404 3436 posse,
419 3352 548 3409 contra
558 3359 666 3432 quem
680 3333 802 3418 etiam,
817 3333 846 3404 si
859 3334 1042 3430 ingrueret
1059 3335 1262 3428 necessitas,

201 3449 303 3524 tacite
318 3451 364 3526 ab
380 3451 506 3548 Anglia
525 3463 672 3550 possent
687 3447 816 3520 auxilia
835 3447 1011 3521 obtinere.

249 3570 407 3666 Operam
421 3567 549 3642 dantes
565 3580 605 3636 ut
625 3589 667 3637 ea
691 3588 769 3652 res,
794 3561 841 3636 de
859 3587 931 3659 qua
955 3562 1261 3659 sollicitabantur,

200 3683 363 3757 votivum
378 3707 422 3757 ac
443 3683 596 3757 celerem
615 3680 802 3755 sortiretur
821 3679 1008 3770 ellectum,
1025 3681 1156 3754 ducem
1181 3687 1265 3753 Bor·

200 3798 323 3891 bouii,
344 3798 552 3895 nomiue'ac
569 3799 646 3869 vice
674 3795 786 3892 ipsius
808 3792 950 3867 domiui
967 3798 1108 3890 Caroli,
1129 3797 1266 3870 Rotho·

163 3919 167 3927 '
202 3942 348 4015 magum
376 3941 441 4014 per
465 3915 690 3986 Pontisaram
716 3910 951 3983 destinarunt.
981 3913 1069 4003 Qui,
1100 3912 1266 3985 cumbis

200 4059 290 4131 quas
305 4032 460 4106 habebat
476 4030 608 4130 copiis,
623 4027 778 4125 acceptis
796 4028 904 4098 etiam
920 4028 1063 4099 duobus
1080 4030 1134 4099 vel
1155 4029 1266 4102 tribus

200 4152 360 4226 millibus
375 4151 539 4248 equitum
557 4172 598 4220 es
618 4143 834 4238 Britonibus,
847 4169 1003 4244 propero
1015 4171 1121 4220 cursu
1136 4147 1266 4221 Retho-
