3402 5186
389 539 428 596 tt
649 533 918 608 ,utsrontttturt
937 530 1115 591 Luuottcl
1133 532 1177 588 xt

388 671 500 744 ricam
524 667 741 740 Britanniam
767 667 948 740 visitatum
968 677 1141 764 pergeret.
1165 666 1245 734 Dux
1268 663 1366 735 enim
1389 687 1449 762 pa·

389 785 463 857 triae
472 789 494 878 ¹,
520 784 582 882 qui
603 783 701 882 apud
721 782 930 855 defunctum
953 780 1125 853 Carolum
1153 780 1268 852 luerat
1294 779 1450 850 nutritus

388 913 425 973 et
440 899 588 998 gratiam
600 923 766 997 magnam
776 898 872 996 apud
889 923 972 969 eum
985 897 1186 988 invenerat,
1206 895 1355 967 minime
1365 917 1450 966 cum

389 1013 466 1087 aliis
497 1015 596 1111 regui
626 1013 837 1114 proceribus
869 1013 906 1083 in
937 1012 1023 1084 novi
1056 1011 1147 1107 regis
1179 1010 1451 1082 consecratione

391 1131 521 1223 Remis,
539 1131 661 1203 necin
677 1129 837 1226 ejusdem
854 1129 1063 1228 exceptione
1081 1125 1234 1215 Parisiis,
1255 1124 1428 1199 adfuerat:

438 1251 524 1319 Erat
547 1262 625 1319 tum
647 1245 796 1345 quidam
822 1246 1011 1345 episcopus
1035 1244 1270 1317 Nannetensis
1280 1247 1303 1336 ¹,
1332 1265 1452 1340 aquo

390 1389 474 1436 cum
486 1364 559 1437 dux
577 1365 782 1456 Britanniae,
801 1363 848 1436 ad
863 1381 1006 1436 causam
1021 1361 1274 1464 temporalium
1290 1359 1453 1432 Ecclesia·

390 1505 483 1570 suae,
503 1482 680 1557 fidelitatis
692 1495 953 1555 sacramentum
964 1493 1191 1579 exposceret,
1204 1480 1323 1578 ipsum
1334 1476 1451 1549 eidem

389 1615 555 1700 prestare
574 1601 767 1691 recusavit,
788 1623 947 1673 asserens
962 1622 1038 1670 non
1064 1594 1148 1670 duci
1171 1596 1234 1668 sed
1251 1596 1327 1692 regi
1343 1599 1452 1666 Frau-

390 1741 518 1790 corum
534 1717 706 1790 duntaxat
723 1715 811 1787 illud
835 1729 1000 1814 praestare
1023 1712 1174 1805 debere,
1194 1735 1302 1809 seque
1319 1709 1453 1783 dehoc

390 1848 527 1907 veteres
542 1857 667 1930 regum
683 1846 797 1906 cartas
808 1845 844 1904 et
856 1830 974 1904 valida
990 1829 1124 1902 habere
1137 1828 1367 1902 documenta.
1386 1829 1454 1900 Cui
1564 1897 1567 1905 ,

390 1974 497 2040 cum,
516 1948 565 2022 ob
578 1947 788 2045 hujusmodi
800 1947 1081 2036 recusationem,
1096 1946 1170 2018 dux
1186 1945 1386 2018 admodum
1401 1945 1454 2016 iu-

391 2065 512 2138 lensus
527 2079 639 2154 esset,
658 2065 735 2164 ipse
752 2087 837 2136 cum
856 2063 962 2135 cartis
979 2077 1015 2134 et
1029 2061 1221 2162 privilegiis
1237 2061 1308 2132 suis
1335 2084 1453 2158 regem
1505 2055 1510 2068 '

392 2179 491 2252 adiit.
509 2185 626 2268 Quem
643 2203 726 2252 curn
740 2179 787 2252 de
805 2179 925 2251 multis
943 2176 989 2251 ad
1004 2201 1149 2251 causam
1165 2199 1274 2276 quam
1288 2176 1455 2250 defensa-

392 2293 454 2368 bat
474 2295 706 2370 attinentibus
724 2297 968 2389 informasset,
989 2309 1030 2366 ut
1049 2319 1133 2366 eum
1159 2291 1330 2366 adversus
1350 2293 1454 2388 ducis

392 2415 588 2511 potentiam
606 2427 792 2502 tutaretur,
812 2415 920 2487 etiam
939 2412 1011 2486 hoc
1028 2412 1103 2508 regi
1127 2410 1341 2509 suggessisse
1362 2410 1452 2482 fere·

391 2529 498 2603 batur
510 2531 608 2630 quod
626 2530 749 2605 civitas
758 2529 993 2604 Nannetensis
1008 2541 1043 2601 et
1060 2527 1183 2600 civitas
1195 2525 1455 2602 Sancti-Maelo·

390 2646 458 2738 vii,
477 2672 562 2718 cum
577 2647 761 2720 nonnullis
776 2646 854 2719 aliis
868 2646 955 2718 loeis
969 2643 1175 2738 Britanniae,
1191 2643 1305 2741 adjus
1316 2643 1455 2741 regium

393 2775 429 2834 et
444 2788 518 2835 nou
536 2762 582 2835 ad
598 2763 729 2835 ducem
745 2764 924 2861 pertinere
940 2759 1142 2833 deberent'.

442 2879 594 2952 Visitaus
611 2881 729 2977 itaque
751 2903 813 2949 rex
832 2878 1019 2951 Britanniae
1037 2891 1166 2968 terras,
1184 2902 1204 2948 a
1219 2877 1359 2950 ducein
1376 2879 1455 2980 ipsa

435 3139 465 3198 t.
488 3133 637 3212 Franpois,
650 3131 803 3194 deuxieme
819 3132 860 3191 du
875 3152 956 3195 nom.

433 3228 464 3284 2.
484 3227 614 3301 Amaury
629 3222 779 3303 d’Aeigud,
797 3242 902 3303 promu
920 3242 959 3282 an
981 3223 1060 3306 sidge
1078 3223 1224 3304 episcopal
1244 3223 1281 3284 de
1303 3227 1409 3284 Nautes
1428 3223 1456 3282 le

394 3317 433 3373 29
447 3331 524 3372 mars
538 3314 628 3386 ttot,
643 3331 696 3392 par
709 3311 782 3372 suite
797 3312 834 3372 de
847 3312 875 3372 la
886 3312 1060 3393 resignation
1073 3313 1110 3372 de
1123 3333 1176 3372 son
1186 3313 1282 3389 oncle,
1293 3313 1457 3374 Guillaume

394 3399 431 3460 de
444 3401 613 3477 Malestroit‚
628 3401 678 3480 qui
692 3401 768 3462 avait
780 3405 948 3462 commence
960 3416 1034 3464 cette
1049 3404 1180 3484 querella
1191 3403 1232 3464 du
1244 3415 1371 3468 serment
1385 3423 1456 3466 avec

399 3492 427 3552 le
442 3492 491 3552 feu
506 3492 563 3552 duc
576 3497 664 3553 Artus
677 3492 714 3554 de
728 3498 879 3574 Bretague.

436 3585 465 3642 3.
487 3581 622 3644 L'allaire
635 3583 672 3643 de
685 3582 819 3662 l'evt‘eque
830 3583 866 3644 de
880 3587 988 3645 Nautes
1000 3587 1109 3647 n’avait
1122 3605 1174 3666 pas
1187 3585 1214 3646 le
1228 3586 1373 3645 caractere
1388 3603 1457 3666 per·

395 3672 498 3731 souuel
513 3691 570 3750 que
584 3673 709 3733 l’auteur
721 3673 824 3734 allecte
843 3673 880 3734 de
894 3673 936 3733 lui
951 3674 1074 3751 donner,
1094 3675 1217 3756 puisque
1230 3676 1259 3734 la
1273 3676 1407 3753 question
1421 3674 1458 3732 de

395 3760 423 3820 la
439 3760 537 3842 regale
550 3761 650 3839 ye'tait
662 3775 805 3824 contenue
818 3775 881 3824 tout
893 3764 1014 3839 entiere,
1029 3777 1058 3825 et
1072 3765 1142 3845 qu’il
1158 3764 1298 3845 s’agissait
1311 3763 1347 3824 de
1361 3763 1459 3824 savoir

394 3852 419 3912 si
434 3851 463 3910 le
478 3849 535 3909 due
551 3849 588 3912 de
604 3855 746 3932 Bretague
760 3852 906 3932 possedait
923 3855 940 3912 l
955 3852 1032 3914 droit
1047 3875 1086 3914 ou
1103 3858 1120 3915 a
1134 3867 1192 3914 tort
1205 3856 1247 3916 les
1260 3853 1460 3936 prerogatives

395 3939 432 4000 de
445 3940 474 3998 la
487 3941 687 4001 souverainete
701 3941 771 4021 qu’il
783 3943 954 4003 s’attribuait
966 3962 1092 4024 presque
1107 3958 1212 4006 tontes.
1225 3949 1303 4007 Pour
1313 3945 1459 4004 s’t'eclairer

395 4048 446 4088 sur
456 4039 529 4088 cette
541 4029 673 4104 madere,
683 4026 705 4088 il
716 4030 777 4089 taut
790 4031 843 4091 lire
854 4031 896 4091 les
907 4033 1062 4094 memoires
1073 4033 1297 4116 diplomatiques
1310 4033 1459 4114 imprimes

396 4138 449 4197 par
459 4123 495 4180 D.
512 4119 620 4179 Morice
639 4119 710 4178 dans
727 4119 756 4180 le
773 4133 795 4180 t.
815 4125 858 4182 111
872 4121 924 4181 des
941 4138 1067 4202 preuves
1078 4125 1115 4188 de
1127 4145 1180 4186 son
1194 4129 1321 4184 Histoire
1336 4126 1458 4182 deBre-

396 4219 499 4355 raguel,
515 4220 544 4267 et
556 4208 820 4288 particulieremeut
835 4207 865 4270 la
880 4210 961 4290 piece
976 4212 1027 4290 qui
1043 4233 1074 4274 se
1090 4227 1192 4276 moure
1208 4213 1266 4274 tta
1279 4231 1354 4292 page
1367 4215 1406 4271 ll
1420 4210 1458 4270 de

394 4313 428 4354 ee
441 4316 480 4356 vo
492 4317 570 4358 nme.
