3282 5168
247 555 253 568 .
374 517 432 576 ³20
643 517 900 576 fflsromaatrtt
920 517 1099 576 Ltmovrct
1118 517 1162 574 XI

371 649 524 723 aliorum
545 646 785 746 oppidorum,
805 663 846 720 ut
865 648 1071 748 Sutphanirc
1091 647 1189 746 etde
1206 651 1381 738 Arnem¹,
1401 665 1440 723 et

370 764 592 864 reliquorum
602 761 693 862 ,qui
709 788 747 836 se
764 778 800 836 et
816 789 898 838 suas
915 765 1134 838 munitiones
1151 765 1258 864 longe
1281 766 1440 865 impares

371 880 416 953 ad
433 879 671 952 resistendum
696 880 1043 977 Noviomagcnsibus
1059 880 1326 974 existimabant,
1343 883 1441 980 peri·

372 994 676 1096 culis-prudenter
691 992 836 1067 obviam
853 1011 1001 1090 euntes,
1021 996 1132 1095 pactis
1146 995 1252 1067 certis
1270 997 1443 1095 pecunia·

371 1136 453 1184 rum
478 1110 626 1186 summis
642 1109 689 1182 ad
715 1122 832 1182 certos
860 1112 1033 1183 terminos
1060 1111 1305 1203 exsolvendis,
1331 1113 1442 1186 etiam

372 1225 440 1298 sub
453 1241 662 1325 potestatem
676 1224 836 1321 ejusdem
853 1226 1148 1323 Burgundionum
1169 1226 1272 1300 ducis
1289 1227 1442 1300 transie-

373 1359 473 1438 runt,
492 1345 740 1444 promittentes
756 1342 802 1414 ab
819 1369 863 1416 eo
880 1344 1092 1444 imperanda
1104 1341 1277 1444 perlicere
1289 1359 1324 1416 et
1339 1369 1441 1416 com·

372 1460 484 1561 plere.
506 1465 639 1534 Tantus
654 1483 742 1532 vero
758 1474 875 1533 metus
897 1474 1084 1558 terrorque
1105 1461 1263 1532 nominis
1281 1463 1443 1557 Burgun-

372 1576 524 1649 dionum
551 1575 675 1670 ducis,
702 1575 891 1649 Frisonum
920 1589 1031 1648 terras
1063 1576 1268 1673 ‚vicinasque
1294 1589 1441 1650 caeteras

373 1695 572 1786 invaserat,
591 1690 692 1791 quod
717 1692 898 1791 prolect0,
917 1693 946 1764 si
969 1693 1030 1764 illo
1051 1693 1350 1792 Burgundionum
1368 1719 1442 1768 co-

373 1813 440 1911 piae
463 1811 750 1900 descendissent,
770 1834 844 1882 non
861 1809 960 1882 aliud
975 1810 1141 1883 aestimari
1165 1825 1307 1909 poterat
1328 1834 1442 1909 quam

374 1928 474 2028 quod
491 1930 655 2001 Frisones
665 1983 675 2020 ,
694 1951 786 2025 quos
810 1925 856 1997 ab
877 1926 1027 2024 antiquo
1044 1927 1224 2028 principes
1241 1926 1443 2000 Hollandiae

375 2045 532 2142 suijuris
548 2069 625 2117 csse
641 2041 886 2143 praetendunt,
905 2041 1067 2118 similiter
1084 2057 1122 2116 ut
1136 2043 1196 2128 ¹illi
1211 2042 1258 2115 de
1275 2043 1439 2132 Geldda,

375 2159 489 2235 lacere
505 2157 725 2231 deditionem
743 2172 780 2230 ct
794 2157 978 2256 imperatis
1000 2183 1125 2257 parere
1143 2158 1443 2256 Burgundionum

375 2275 477 2348 ducis
505 2261 731 2347 obtulissent.
751 2279 878 2346 Fuerat
905 2261 1003 2346 enim
1026 2289 1101 2347 tota
1124 2274 1183 2348 illa
1207 2289 1306 2348 aestas
1331 2300 1444 2376 supra

375 2391 523 2462 solitum
545 2389 661 2462 calida
683 2404 720 2461 et
745 2389 839 2461 sicca
851 2443 861 2481 ,
881 2413 994 2487 usque
1019 2414 1181 2462 mensem
1197 2389 1374 2481 octobris,
1396 2391 1443 2462 ita

372 2519 416 2582 nt
429 2505 539 2594 ¹lossae
565 2520 598 2577 et
623 2529 766 2602 aggeres
788 2503 1033 2604 palustresque
1062 2506 1252 2580 Frisonum
1279 2506 1376 2602 agri,
1404 2507 1441 2576 in

375 2621 507 2719 quibus
534 2638 661 2695 contra
687 2621 846 2694 hostium
876 2621 1038 2693 incursus
1070 2621 1223 2696 maxime
1256 2620 1443 2696 confidere

376 2739 511 2830 solent,
529 2740 580 2812 eis
596 2739 672 2812 fore
683 2738 816 2818 auxilio
826 2737 975 2812 minime
987 2738 1199 2837 potuissent.
1217 2743 1327 2828 Erant
1342 2739 1442 2810 enim

377 2871 463 2931 tunc
480 2881 581 2956 paene
602 2835 737 2956 ubique
759 2855 851 2930 adeo
876 2855 986 2954 longo
1013 2853 1098 2928 solis
1115 2869 1201 2927 aestu
1220 2856 1385 2928 exsiccati
1407 2868 1443 2926 et

377 2973 551 3068 indurati,
589 2989 729 3050 utnon
762 2975 874 3048 modo
895 2973 1055 3072 pedites,
1081 2974 1145 3047 sed
1180 2987 1215 3046 et
1243 2954 1382 3071 equites
1408 2987 1443 3048 et

377 3091 535 3192 plaustra
554 3094 648 3165 sicco
664 3092 813 3189 vestigio
831 3090 932 3162 facile
951 3105 1218 3164 sustentassent.

424 3211 559 3280 Verum
584 3230 666 3279 cum
689 3230 731 3278 ea
755 3207 1006 3304 opportunitas
1029 3208 1075 3280 ad
1097 3222 1233 3281 tantam
1254 3231 1331 3280 rem
1348 3232 1442 3283 con-

377 3323 568 3398 ficiendam
583 3348 658 3396 sese
674 3320 846 3410 attulisset
862 3325 1162 3421 Burgundionum
1178 3323 1260 3397 duci
1269 3381 1279 3418 ,
1298 3338 1377 3396 tum
1393 3324 1439 3399 ad

377 3440 445 3513 alia
470 3440 606 3537 majora
631 3437 817 3531 anhelans,
845 3438 907 3512 illo
934 3453 1020 3513 tunc
1043 3440 1222 3542 proficisci
1248 3439 1439 3532 abstinuit,

378 3582 526 3657 remque
541 3556 793 3655 hujuscemodi
809 3557 847 3631 in
866 3557 964 3632 aliud
978 3558 1115 3632 distulit
1128 3574 1281 3659 tempus.

418 3770 447 3827 l.
469 3767 603 3847 zutphen
615 3778 646 3827 et
656 3765 811 3827 'Arnheim
