3272 5182
371 427 430 486 248
481 485 483 492 ,
642 424 895 484 msrnmannn
913 425 1089 486 Lunovtct
1107 428 1149 486 XI

329 643 334 650 ,
371 559 414 633 lis
436 555 611 630 dictorum
633 557 796 631 locorum
821 557 951 631 civium
972 559 1112 632 animos
1134 559 1180 634 ad
1203 560 1432 636 deditionem

372 672 593 746 sollicitabat.
828 682 832 690 '

423 789 489 861 Cui
508 789 558 860 rei
580 787 741 884 gerenda
756 813 793 860 se
809 788 1008 860 ministrum
1024 803 1130 886 atque
1151 791 1432 864 instrumentum

373 904 453 975 sccit
487 927 608 975 comes
640 903 896 994 Sancti-Pauli,
927 903 1278 976 connestabularius¹
1305 905 1431 980 dictus

374 1020 546 1110 Franciae;
575 1019 658 1114 qui,
682 1042 795 1116 prope
819 1017 1025 1113 hujusmodi
1055 1020 1212 1092 civitates
1234 1033 1270 1092 et
1291 1019 1433 1118 oppida

375 1133 536 1234 praesidia
558 1135 710 1208 militum
731 1132 897 1223 babens’,
919 1133 1204 1232 primoquidem
1226 1133 1363 1207 civibus
1382 1161 1430 1207 ex

374 1251 543 1324 condicto
560 1250 758 1323 voluntarie
777 1273 815 1320 se
835 1248 1047 1321 dedentibus
1066 1265 1101 1321 et
1122 1249 1189 1322 sub
1205 1251 1337 1347 regiam
1350 1275 1431 1323 ma-

375 1391 464 1438 num
480 1364 724 1437 affectantibus
738 1363 873 1454 venire,
889 1363 1063 1463 oppidum
1075 1366 1371 1453 Sancti-Quintini
1387 1367 1429 1438 in

376 1479 619 1570 viromandie,
639 1505 744 1580 supra
759 1483 994 1552 Summonam
1004 1481 1138 1553 flumen
1154 1482 1274 1568 situm,
1296 1483 1431 1581 recepit

376 1610 481 1694 atque
496 1596 688 1685 introivit⁸,
703 1620 786 1669 cum
799 1594 909 1684 nulla,
924 1610 963 1667 ut
980 1595 1144 1687 diximus,
1161 1595 1353 1695 postillam
1368 1623 1430 1670 sn-

374 1715 530 1787 lcmnem
554 1726 661 1810 atque
684 1726 757 1784 tam
777 1726 991 1803 reverenter,
1010 1711 1106 1809 apud
1124 1715 1318 1805 Parmam,
1336 1715 1431 1786 inter

376 1853 495 1926 regem
518 1831 733 1900 Francorum
755 1840 790 1898 et
811 1825 1020 1924 burgundiae
1043 1825 1190 1914 ducem,
1208 1842 1430 1901 sacramento

377 1943 582 2015 solemniter
597 1940 773 2013 firmatam
786 1956 995 2041 perpetuam
1010 1965 1148 2040 pacem,
1165 1940 1366 2041 hostium
1378 1957 1431 2014 at·

378 2054 947 2155 queinferendibellidennntiatio
958 2057 1074 2155 palam
1086 2059 1330 2156 praecessisset.
1343 2062 1431 2146 Quae

379 2173 409 2245 si
419 2172 661 2272 precessisset,
675 2195 749 2244 non
767 2186 819 2245 est
835 2172 1079 2254 arbitrandum
1096 2172 1194 2271 quod
1209 2175 1430 2272 Burgundio·

379 2310 469 2357 num
478 2285 551 2357 dux
559 2284 807 2382 hujuscemodi
821 2287 996 2386 oppidum
1009 2302 1043 2360 et
1052 2287 1119 2360 alia
1129 2287 1313 2361 hostilium
1326 2305 1432 2363 terra·

381 2424 463 2471 rum
482 2398 680 2493 limitanea,
698 2399 833 2498 absque
846 2402 997 2476 militum
1014 2401 1185 2502 presidiis
1201 2417 1236 2476 et
1249 2405 1430 2496 custodia,

382 2515 593 2616 reliquisset.

423 2625 555 2723 Unde,
586 2627 669 2702 licet
694 2628 941 2727 hujuscemodi
970 2632 1145 2731 oppidum
1165 2635 1226 2708 tali
1252 2636 1433 2709 machina·

384 2758 507 2816 mento
526 2745 576 2816 sic
592 2741 638 2815 ab
658 2767 703 2816 eo
724 2742 926 2837 defecisset,
947 2771 1021 2818 non
1040 2748 1157 2821 statim
1176 2763 1294 2824 tamen
1315 2750 1434 2824 adhuc

383 2980 416 3039 fit
427 2980 456 3039 le
467 2980 524 3039 duc
536 2980 573 3040 de
585 2982 755 3059 Bourgogne
771 2997 830 3038 anx
843 2980 968 3060 enroyes
981 2980 1022 3040 du
1035 2983 1094 3058 roi,
1109 2982 1159 3060 qui
1172 2981 1289 3044 allaient
1301 2983 1343 3043 lui
1355 2983 1436 3044 offrir

383 3070 546 3150 &paralion
561 3068 598 3127 de
610 3080 673 3127 tout
685 3068 714 3126 le
727 3067 879 3150 dommage
892 3071 976 3130 cause
988 3090 1042 3151 par
1054 3074 1196 3133 Warwielr
1211 3096 1217 3132 :
1235 3099 1249 3128 ι
1263 3078 1351 3134 Entre
1363 3093 1435 3132 nous

384 3173 480 3221 autres
494 3153 692 3238 Portugalois,
707 3175 798 3215 avons
810 3178 868 3217 une
884 3171 1031 3219 coustume
1045 3159 1147 3221 devers
1161 3182 1251 3234 nous,
1268 3182 1325 3241 qne
1340 3161 1436 3241 quand

386 3250 471 3310 cenlx
481 3268 538 3327 que
548 3264 622 3305 nous
633 3264 723 3304 avons
736 3256 817 3304 tenus
829 3249 847 3306 a
857 3266 910 3306 nos
923 3249 995 3309 amis
1008 3269 1039 3308 se
1050 3249 1112 3309 sont
1124 3251 1195 3310 amis
1206 3253 1222 3309 l
1233 3270 1286 3310 nos
1297 3253 1435 3324 ennemis,

386 3360 460 3400 nous
470 3339 512 3398 les
523 3334 729 3396 commandens
739 3337 756 3394 ”a
766 3347 830 3395 tous
842 3337 883 3397 les
893 3350 958 3398 cent
968 3338 1048 3399 mille
1059 3337 1168 3400 diables
1182 3340 1304 3402 d’enler.
1322 3367 1335 3393 a
1354 3367 1367 3395 α
1381 3341 1437 3399 Re·

385 3447 491 3509 punse,
513 3427 556 3485 dit
575 3423 749 3500 Chatelain,
767 3445 826 3485 non
844 3447 896 3506 pas
915 3427 983 3487 bien
1002 3428 1078 3507 prise
1095 3428 1145 3487 des
1164 3448 1235 3508 gens
1254 3449 1377 3489 mesmes
1399 3428 1437 3490 dn

385 3517 452 3576 duc.
470 3541 484 3567 υ
498 3512 593 3590 (Part.
607 3515 660 3589 111,
673 3513 719 3577 ch.
734 3517 831 3574 teser
843 3519 923 3590 200).
934 3515 1276 3577 D’ailleursl'assemblee
1290 3518 1436 3594 deTours,

386 3626 440 3687 per
452 3605 504 3684 qni
516 3605 544 3662 le
558 3603 602 3662 roi
613 3623 643 3662 se
659 3603 691 3662 tr
706 3601 863 3685 decharger
873 3605 914 3665 du
925 3619 1050 3666 serment
1062 3606 1099 3666 de
1110 3607 1252 3683 Perenne,
1264 3619 1293 3666 et
1303 3627 1356 3687 par
1366 3608 1438 3668 suite

387 3696 424 3757 de
437 3693 561 3772 laquelle
574 3692 602 3752 le
616 3692 671 3751 duc
685 3706 765 3770 requi
778 3713 835 3754 nne
852 3695 1026 3775 assignation
1039 3714 1076 3754 en
1089 3694 1259 3774 parlament,
1275 3695 1345 3754 dont
1358 3697 1379 3754 il
1393 3698 1438 3756 in-

386 3791 501 3844 carcere
511 3783 540 3842 lc
550 3793 681 3861 porteur,
691 3783 759 3843 etait
769 3803 827 3844 une
836 3804 968 3847 annonce
979 3804 1058 3846 assez
1068 3788 1218 3849 manifeste
1228 3788 1279 3848 des
1288 3785 1436 3847 hoselires.

386 3872 561 3947 commines,
571 3871 592 3934 l.
607 3875 662 3946 111,
676 3872 723 3932 ch.
739 3894 760 3935 1.

431 3969 460 4025 t.
485 3960 694 4021 connestablr'us
707 3961 778 4022 dans
791 3963 819 4022 le
831 3983 888 4026 ms.

428 4058 459 4114 Ξ.
481 4055 560 4112 Dans
573 4069 618 4111 ses
631 4050 773 4111 chateanx
786 4052 823 4114 de
836 4057 911 4114 Ham
924 4066 953 4114 et
969 4052 1005 4115 de
1017 4055 1203 4117 Beaurevoir.

432 4145 460 4204 ³.
482 4146 523 4202 le
535 4144 573 4202 ll)
588 4139 739 4201 decembre
750 4143 839 4203 1470.
