3384 5184
398 545 456 602 tta
672 544 928 602 fflsrontuuun
948 543 1125 604 LUDOVICI
1145 545 1190 603 XI

399 703 437 750 se
452 674 634 748 habebant
651 689 869 762 conventus,
889 688 961 746 tam
982 699 1090 772 super
1114 673 1257 747 honore
1279 691 1315 748 et
1336 701 1460 777 recep·

399 795 506 866 tionis
531 794 643 866 modo
668 818 742 890 quo
759 818 863 864 suum
881 791 1010 864 ducem
1027 815 1185 885 novum,
1206 791 1460 893 devotiusque

399 912 513 984 facere
531 924 696 1009 possent,
715 909 955 997 honorarent,
973 933 1083 1006 quam
1098 909 1207 981 etiam
1228 935 1338 1010 super
1354 911 1460 983 variis

398 1027 581 1127 capitulis,
616 1041 747 1099 statum
777 1027 898 1123 patriar
927 1040 964 1097 et
995 1025 1041 1097 ab
1068 1027 1217 1099 immani
1241 1027 1460 1099 tributorum

399 1168 508 1216 onere
535 1142 682 1240 aliquod
704 1143 866 1216 levamen
884 1141 1126 1241 multipliciter
1141 1143 1457 1217 concernentibus.

447 1263 538 1331 Cum
569 1273 689 1331 auteur
715 1259 912 1355 ingressum
938 1283 1045 1329 suurn
1073 1257 1109 1328 in
1140 1259 1305 1332 eamdem
1331 1259 1460 1334 urbem

398 1375 474 1473 ipse
494 1398 610 1446 novus
629 1373 700 1446 dux
721 1388 757 1446 et
774 1373 945 1445 dominus
958 1429 967 1466 ,
982 1374 1084 1470 juxta
1105 1388 1232 1447 votum
1254 1391 1291 1448 et
1310 1390 1458 1474 praesto·

399 1489 568 1562 lationem
585 1489 748 1560 omnium
772 1490 894 1587 patriae
909 1489 1128 1582 incolarum,
1160 1490 1313 1563 libenter
1340 1507 1460 1566 matu·

397 1619 525 1693 rasset,
547 1603 673 1677 callide
698 1618 818 1677 tamen
840 1617 874 1676 et
900 1620 978 1677 astu
996 1605 1092 1678 malo
1117 1605 1249 1679 aduce
1272 1607 1459 1680 Britonum

397 1735 433 1793 et
449 1722 520 1793 suis
538 1722 614 1819 ejus
630 1721 878 1794 retardabatur
895 1735 929 1794 et
938 1722 1266 1820 procrastinabatur
1275 1748 1454 1797 accessus:

396 1837 501 1935 ipsis,
521 1839 729 1934 priusquam
746 1837 783 1906 in
804 1835 970 1908 eamdem
996 1837 1241 1934 ingrederetur
1257 1838 1401 1934 urbem,
1420 1841 1457 1914 iu

397 1977 470 2049 qua
488 1954 660 2026 universae
679 1952 873 2052 provinciae
890 1953 1068 2026 nobilium
1084 1969 1118 2028 et
1129 1956 1356 2053 praelatorum
1369 1981 1458 2030 con·

397 2084 545 2141 ventum
573 2070 766 2142 marimum
793 2068 984 2142 collectum
1001 2096 1078 2144 esse
1104 2074 1280 2166 sciebant,
1304 2089 1459 2148 conteu-

398 2184 566 2260 dentibus
590 2201 631 2258 ut
660 2185 705 2256 de
739 2186 911 2259 custodiis
928 2187 1147 2283 civitatum,
1177 2189 1396 2290 oppidorum
1423 2206 1459 2263 et

398 2302 648 2397 castellorum,
679 2303 885 2400 caeterisque
921 2304 1089 2377 omuibus
1118 2305 1229 2378 ferme
1263 2306 1388 2380 officiis
1423 2321 1460 2380 et

397 2417 597 2492 honoribus
615 2419 756 2518 patriae,
774 2445 813 2492 ea
832 2420 917 2521 ipsis
933 2420 1124 2514 donando,
1145 2447 1289 2495 securos
1303 2447 1365 2496 eos
1382 2421 1460 2496 red·

397 2534 518 2628 deret,
552 2537 759 2636 priusquam
784 2536 831 2610 ad
857 2561 940 2609 eum
966 2536 1091 2610 incolae
1115 2552 1217 2618 terrm
1242 2535 1459 2612 audientiam

397 2653 453 2726 vel
468 2677 651 2726 accessum
668 2654 825 2752 aliquem
839 2653 974 2727 habere
991 2653 1202 2752 potuissent.
1221 2657 1265 2724 Et
1281 2652 1456 2752 proiecto,

397 2772 427 2844 si
463 2796 589 2844 eorum
617 2772 807 2845 ambitioni
834 2787 870 2844 et
894 2769 1148 2870 cupiditatibus
1174 2769 1294 2842 suisset
1323 2769 1460 2842 satisfa-

396 2887 583 2978 ciendum,
602 2887 720 2959 decies
737 2885 963 2958 tantumdem
983 2885 1166 2959 honorum
1184 2900 1220 2961 et
1234 2885 1456 2980 officiorum,

397 3003 557 3102 ipsorum
583 3004 770 3074 Britonum
791 3014 828 3072 et
851 3000 1003 3072 aliomm
1019 3001 1066 3073 ad
1080 3002 1197 3101 ipsum
1213 3027 1350 3074 novum
1366 3001 1461 3100 prin·

397 3119 514 3221 cipem
533 3145 577 3192 ex
594 3119 744 3191 diversis
766 3118 868 3214 regni
890 3119 1082 3216 provinciis
1098 3119 1377 3213 confluentium,
1397 3142 1459 3191 eo·

397 3261 478 3307 rum
493 3233 800 3332 assequendorum
813 3257 940 3328 causa,
959 3234 1213 3334 cupiditatibus
1226 3235 1376 3307 minime
1393 3231 1461 3305 suf·

397 3349 572 3424 iecissent.
592 3354 725 3422 Tantus
740 3351 838 3423 enim
856 3350 902 3423 ad
919 3352 1055 3424 curiam
1071 3353 1148 3451 ejus
1159 3377 1226 3451 pro
1239 3351 1336 3424 hisce
1351 3349 1461 3423 rebus

398 3464 506 3540 fiebat
521 3466 683 3565 undique
706 3492 921 3559 concursus,
947 3482 986 3540 ut
1001 3468 1079 3560 vix,
1107 3467 1154 3541 ad
1173 3466 1460 3540 satisfaciendum

399 3607 515 3681 pawae
537 3583 819 3684 postulationum
841 3584 1018 3683 portioni,
1049 3599 1085 3655 et
1101 3586 1307 3683 importune
1329 3607 1461 3681 rogan-

350 3746 356 3758 ·
397 3702 507 3792 tium,
529 3703 637 3774 totius
653 3703 753 3799 regni
771 3700 889 3773 officia
906 3701 1141 3780 suffecissent.

445 3820 516 3894 Sed
529 3845 611 3892 curn
625 3819 731 3892 etiam
745 3818 820 3892 haec
833 3819 954 3919 patriae
967 3819 1156 3918 primiores
1167 3832 1203 3892 et
1218 3816 1458 3906 honestiores,

397 3937 458 4035 qui
486 3949 731 4011 couvenerant
761 3935 1048 4032 Rothomagum‚
1077 3959 1152 4007 non
1179 3934 1332 4008 laterent
1354 3931 1462 4004 moli·

397 4055 511 4146 mina,
540 4053 714 4124 miseruut
740 4049 786 4124 ad
809 4052 927 4150 ipsum
950 4051 1150 4150 principem
1170 4075 1276 4124 suum
1292 4047 1460 4149 epistolas

395 4188 432 4244 et
467 4173 632 4265 nuntios,
662 4184 829 4268 rogantes
851 4185 892 4241 ut
917 4185 1055 4242 certum
1086 4170 1203 4264 diem,
1232 4193 1306 4267 quo
1331 4167 1460 4241 urbem

396 4313 499 4362 suam
514 4292 737 4388 ingressurus
756 4302 860 4380 esset,
876 4286 1058 4385 praefigere
1070 4285 1185 4378 vellet,
1201 4285 1327 4384 idque,
1345 4307 1461 4384 quan·
