3014 5010
220 402 277 457 iii
493 400 748 458 nistotttttttnt
768 401 946 459 LUDOVICI
964 403 1009 461 x1

219 537 312 624 triae,
333 549 527 634 caeteraque
545 536 737 634 provinciae
749 535 884 626 officia,
904 537 1189 637 assequendas),
1216 541 1303 613 fue·

219 665 303 724 runt
316 652 421 723 etiam
435 652 552 724 eidem
564 652 647 723 duci
661 653 779 748 gratiae
790 652 1000 725 solemniter
1010 653 1161 744 babitae,
1180 657 1300 754 quod

219 768 336 866 ipsum
352 768 551 867 principem
568 793 694 855 suum,
713 792 796 839 eum
822 768 1053 861 associando,
1084 785 1121 842 et
1150 771 1202 843 ad
1233 775 1299 873 ip·

217 911 428 984 sumusque
454 885 570 958 locum
596 884 827 976 deducendo,
847 884 1027 957 honorare
1057 888 1294 963 curavisset:

216 1002 452 1074 contestando
474 1003 580 1073 etianr
610 999 729 1097 quod,
752 1027 818 1100 pro
844 1001 1094 1098 hujuscemodi
1110 1002 1296 1080 humani·

219 1134 288 1192 tate
302 1118 534 1218 plurimisque
548 1116 745 1213 obsequiis,
765 1143 785 1190 a
799 1142 837 1189 se
850 1119 994 1217 suisque
1008 1119 1168 1192 ducisuo
1182 1147 1294 1197 novo

216 1237 376 1334 praestitis
392 1250 427 1305 et
445 1235 631 1333 impensis,
651 1248 789 1328 gratum
805 1237 998 1334 provinciae
1017 1251 1295 1336 acceptumque

214 1355 322 1445 soret,
352 1352 450 1449 qnod
480 1353 525 1424 de
551 1350 749 1423 honoribus
774 1366 809 1423 ct
833 1350 960 1424 officiis
983 1355 1103 1453 patriae
1120 1353 1294 1430 honora·

217 1469 325 1541 bilem
353 1470 407 1539 sui
434 1469 630 1567 perciperet
655 1469 879 1566 portionem,
912 1495 1019 1561 cum,
1047 1470 1094 1542 ab
1119 1474 1293 1570 antiquis
1357 1518 1361 1527 ·

214 1584 452 1683 temporibus,
477 1584 590 1655 ambae
611 1584 824 1681 provinciae,
848 1583 981 1656 scilicet
1003 1589 1232 1660 Normannia
1251 1605 1291 1662 et

215 1703 392 1774 britannia
410 1704 511 1798 (quae
526 1700 757 1771 conterminae
768 1756 770 1761 .
782 1713 864 1770 sunt
886 1714 922 1770 et
944 1701 1151 1799 maritimae)
1168 1727 1292 1776 com-

213 1820 353 1889 merciis
370 1832 476 1915 atque
493 1814 809 1910 negotiationibus,
828 1818 1003 1915 conjugiis
1023 1820 1128 1890 etiarn
1151 1835 1189 1891 et
1206 1821 1289 1893 affi-

212 1934 403 2022 nitatibus,
424 1933 632 2029 magnisque
649 1931 811 2003 amicitiis
836 1946 870 2003 et
887 1933 1205 2028 germanitatibus,
1226 1937 1291 2009 iu.

212 2055 324 2123 vicem
337 2052 518 2149 permixtae
530 2049 671 2132 suerunt
685 2063 719 2119 et
733 2049 944 2144 conjunctae.
958 2051 1142 2147 Rogabant
1154 2065 1288 2125 tamen

213 2185 268 2255 ut,
292 2170 385 2238 inter
398 2180 565 2253 caeteros,
583 2166 689 2235 etiam
704 2163 885 2237 nobilibus
901 2182 937 2237 et
959 2165 1118 2238 honestis
1134 2167 1289 2241 civibus

211 2286 332 2387 patria
348 2309 410 2356 sua
432 2283 552 2378 aliqua
570 2282 707 2381 portio,
727 2280 764 2351 in
787 2280 935 2378 hujusce
952 2282 1136 2355 bonorum
1156 2283 1286 2358 distri·

210 2398 376 2487 butione,
398 2399 447 2469 uti
465 2423 529 2497 par
547 2413 639 2486 erat,
659 2411 908 2470 asservaretur.

566 2728 817 2796 carnoten
852 2728 912 2796 xi.
966 2696 969 2705 ‘

207 2940 328 3005 Qualiter
338 2936 465 2988 dominus
482 2934 603 2995 sarolus,
616 2930 672 2982 dux
686 2931 867 2994 Normanniae,
880 2945 940 3002 post
952 2933 1044 3003 longas
1055 2947 1154 2993 moras,
1165 2930 1279 2984 Britan·

243 3038 340 3071 norum
353 3016 423 3069 dolis
434 3026 599 3087 protractas,
616 3012 709 3062 urbem
725 3030 799 3063 suam
816 3011 1014 3082 Rothomgum
1029 3028 1159 3081 ingresus
1174 3024 1225 3062 est.
1237 3013 1278 3068 Et

244 3097 278 3149 de
289 3097 440 3168 turpissima
452 3094 610 3145 discissione
619 3092 695 3145 ducis
707 3092 848 3144 Britannia
861 3093 896 3144 ab
905 3111 955 3158 eo,
971 3093 1105 3165 ipsiusque
1118 3103 1143 3143 et
1157 3110 1276 3147 suorum

242 3178 412 3231 tumbam
426 3174 588 3246 proditione.
996 3193 999 3197 ¹

259 3371 299 3436 Et
329 3391 535 3464 quanquam
562 3391 605 3438 ea
634 3368 772 3462 rogatio
801 3381 837 3437 et
863 3366 987 3466 petitio
1019 3365 1273 3442 honestissima

206 3497 314 3578 atque
341 3483 534 3578 justissima
564 3483 677 3567 foret,
712 3483 887 3554 creditum
915 3498 969 3554 est
1000 3497 1119 3554 tamen
1149 3484 1271 3580 ipsum

206 3602 395 3673 britanniae
413 3601 556 3683 ducem,
581 3626 656 3672 non
678 3615 751 3671 tam
760 3626 824 3672 sna
835 3599 982 3697 quidem
997 3624 1106 3698 quam
1117 3623 1302 3701 suorum,-

206 3724 449 3818 instigatione¹
468 3724 567 3818 (qni,
583 3721 629 3792 de
645 3723 818 3793 universis
828 3723 948 3819 patria²
963 3721 1177 3807 bonoribus,
1193 3694 1304 3790 suaf-

204 3842 391 3939 cnpiditati
417 3855 451 3911 et
478 3841 659 3935 pratensis
674 3865 718 3911 ex
734 3864 771 3910 se
792 3840 926 3909 meritis
949 3863 1078 3937 parum
1099 3837 1167 3909 sibi
1189 3835 1267 3906 fieri

205 3959 440 4057 reputabant,
462 3957 571 4026 totins
588 3957 709 4053 patriae
726 3955 1073 4027 administrationem
1089 3971 1124 4026 et
1141 3953 1267 4024 mode·

248 4172 260 4222 t
297 4169 375 4223 Dans
389 4163 416 4219 le
431 4184 484 4220 nis.
500 4181 585 4236 quum
599 4180 708 4216 merri
722 4164 799 4218 etde
811 4164 1000 4239 onagrorum.
