<?xml version="1.0" encoding="UTF-8"?>
<!DOCTYPE html PUBLIC "-//W3C//DTD XHTML 1.0 Transitional//EN"
    "http://www.w3.org/TR/xhtml1/DTD/xhtml1-transitional.dtd">
<html xmlns="http://www.w3.org/1999/xhtml" xml:lang="en" lang="en">
 <head>
  <title>
</title>
<meta http-equiv="Content-Type" content="text/html;charset=utf-8" />
  <meta name='ocr-system' content='tesseract 3.04.00' />
  <meta name='ocr-capabilities' content='ocr_page ocr_carea ocr_par ocr_line ocrx_word'/>
</head>
<body>
  <div class='ocr_page' id='page_1' title='image "./histoiredesrgne02amelgoog_0228.png"; bbox 0 0 3384 5184; ppageno 0'>
   <div class='ocr_carea' id='block_1_1' title="bbox 648 492 1347 658">
    <p class='ocr_par' dir='ltr' id='par_1_1' title="bbox 648 492 1347 658">
     <span class='ocr_line' id='line_1_1' title="bbox 648 492 1347 658; baseline 0 -40"><span class='ocrx_word' id='word_1_1' title='bbox 648 559 982 658; x_wconf 80' lang='lat' dir='ltr'>nmmsucuunus.</span> <span class='ocrx_word' id='word_1_2' title='bbox 1095 492 1123 522; x_wconf 62' lang='lat'><em>⁰</em></span> <span class='ocrx_word' id='word_1_3' title='bbox 1180 600 1227 647; x_wconf 37' lang='grc' dir='ltr'>Η.</span> <span class='ocrx_word' id='word_1_4' title='bbox 1288 562 1347 618; x_wconf 79' lang='lat' dir='ltr'>ros</span> 
     </span>
    </p>
   </div>
   <div class='ocr_carea' id='block_1_2' title="bbox 238 691 1388 1954">
    <p class='ocr_par' dir='ltr' id='par_1_2' title="bbox 238 691 1388 1954">
     <span class='ocr_line' id='line_1_2' title="bbox 338 691 1388 796; baseline 0 -28"><span class='ocrx_word' id='word_1_5' title='bbox 338 699 467 768; x_wconf 87' lang='lat' dir='ltr'>Utrum</span> <span class='ocrx_word' id='word_1_6' title='bbox 477 709 597 769; x_wconf 86' lang='lat' dir='ltr'>autem</span> <span class='ocrx_word' id='word_1_7' title='bbox 606 691 943 796; x_wconf 60' lang='lat' dir='ltr'>omniunripsotum</span> <span class='ocrx_word' id='word_1_8' title='bbox 953 694 1157 794; x_wconf 87' lang='lat' dir='ltr'>principum</span> <span class='ocrx_word' id='word_1_9' title='bbox 1166 694 1245 767; x_wconf 84' lang='lat' dir='ltr'>talis</span> <span class='ocrx_word' id='word_1_10' title='bbox 1254 709 1347 769; x_wconf 89' lang='lat' dir='ltr'>esset</span> <span class='ocrx_word' id='word_1_11' title='bbox 1384 701 1388 718; x_wconf 73' lang='lat'><strong>¹</strong></span> 
     </span>
     <span class='ocr_line' id='line_1_3' title="bbox 238 797 1347 932; baseline -0.001 -46"><span class='ocrx_word' id='word_1_12' title='bbox 238 849 240 856; x_wconf 36' lang='lat' dir='ltr'>r</span> <span class='ocrx_word' id='word_1_13' title='bbox 288 827 323 886; x_wconf 88' lang='lat' dir='ltr'>et</span> <span class='ocrx_word' id='word_1_14' title='bbox 349 827 424 886; x_wconf 88' lang='lat' dir='ltr'>tam</span> <span class='ocrx_word' id='word_1_15' title='bbox 447 828 586 907; x_wconf 88' lang='lat' dir='ltr'>sancta,</span> <span class='ocrx_word' id='word_1_16' title='bbox 613 811 756 932; x_wconf 74' lang='lat' dir='ltr'>qualem</span> <span class='ocrx_word' id='word_1_17' title='bbox 779 831 816 883; x_wconf 81' lang='lat' dir='ltr'>se</span> <span class='ocrx_word' id='word_1_18' title='bbox 840 807 977 885; x_wconf 85' lang='lat' dir='ltr'>babere</span> <span class='ocrx_word' id='word_1_19' title='bbox 1006 827 1043 885; x_wconf 90' lang='lat' dir='ltr'>et</span> <span class='ocrx_word' id='word_1_20' title='bbox 1067 797 1188 910; x_wconf 82' lang='lat' dir='ltr'>gerere</span> <span class='ocrx_word' id='word_1_21' title='bbox 1212 811 1347 909; x_wconf 89' lang='lat' dir='ltr'>ubique</span> 
     </span>
     <span class='ocr_line' id='line_1_4' title="bbox 287 927 1347 1020; baseline 0.002 -20"><span class='ocrx_word' id='word_1_22' title='bbox 287 927 578 1020; x_wconf 81' lang='lat' dir='ltr'>disseminabant,</span> <span class='ocrx_word' id='word_1_23' title='bbox 595 928 758 1019; x_wconf 88' lang='lat' dir='ltr'>intentio,</span> <span class='ocrx_word' id='word_1_24' title='bbox 775 943 929 1002; x_wconf 73' lang='lat' dir='ltr'>asserere</span> <span class='ocrx_word' id='word_1_25' title='bbox 942 953 1018 1002; x_wconf 90' lang='lat' dir='ltr'>non</span> <span class='ocrx_word' id='word_1_26' title='bbox 1033 927 1217 1002; x_wconf 91' lang='lat' dir='ltr'>audemus.</span> <span class='ocrx_word' id='word_1_27' title='bbox 1232 929 1347 1002; x_wconf 88' lang='lat' dir='ltr'>Facile</span> 
     </span>
     <span class='ocr_line' id='line_1_5' title="bbox 287 1042 1347 1142; baseline 0.002 -28"><span class='ocrx_word' id='word_1_28' title='bbox 287 1044 385 1115; x_wconf 90' lang='lat' dir='ltr'>enim</span> <span class='ocrx_word' id='word_1_29' title='bbox 401 1043 498 1116; x_wconf 90' lang='lat' dir='ltr'>credi</span> <span class='ocrx_word' id='word_1_30' title='bbox 518 1058 635 1142; x_wconf 87' lang='lat' dir='ltr'>potest</span> <span class='ocrx_word' id='word_1_31' title='bbox 649 1042 808 1141; x_wconf 63' lang='lat' dir='ltr'>quodcx</span> <span class='ocrx_word' id='word_1_32' title='bbox 825 1044 876 1116; x_wconf 88' lang='lat' dir='ltr'>eis</span> <span class='ocrx_word' id='word_1_33' title='bbox 892 1043 1076 1138; x_wconf 88' lang='lat' dir='ltr'>nonnulli,</span> <span class='ocrx_word' id='word_1_34' title='bbox 1097 1043 1257 1116; x_wconf 86' lang='lat' dir='ltr'>humana</span> <span class='ocrx_word' id='word_1_35' title='bbox 1270 1056 1347 1116; x_wconf 75' lang='lat' dir='ltr'>affl·</span> 
     </span>
     <span class='ocr_line' id='line_1_6' title="bbox 287 1157 1344 1267; baseline 0.002 -37"><span class='ocrx_word' id='word_1_36' title='bbox 287 1157 425 1231; x_wconf 90' lang='lat' dir='ltr'>bitione</span> <span class='ocrx_word' id='word_1_37' title='bbox 441 1175 477 1232; x_wconf 94' lang='lat' dir='ltr'>et</span> <span class='ocrx_word' id='word_1_38' title='bbox 492 1160 698 1259; x_wconf 87' lang='lat' dir='ltr'>cupiditate,</span> <span class='ocrx_word' id='word_1_39' title='bbox 716 1185 778 1232; x_wconf 90' lang='lat' dir='ltr'>seu</span> <span class='ocrx_word' id='word_1_40' title='bbox 796 1158 881 1232; x_wconf 94' lang='lat' dir='ltr'>odio</span> <span class='ocrx_word' id='word_1_41' title='bbox 898 1158 1116 1267; x_wconf 65' lang='lat' dir='ltr'>autinpdiae</span> <span class='ocrx_word' id='word_1_42' title='bbox 1132 1160 1209 1234; x_wconf 88' lang='lat' dir='ltr'>zelo</span> <span class='ocrx_word' id='word_1_43' title='bbox 1226 1160 1344 1256; x_wconf 83' lang='lat' dir='ltr'>exciti,</span> 
     </span>
     <span class='ocr_line' id='line_1_7' title="bbox 288 1273 1347 1378; baseline -0.001 -28"><span class='ocrx_word' id='word_1_44' title='bbox 288 1276 386 1350; x_wconf 87' lang='lat' dir='ltr'>aliud</span> <span class='ocrx_word' id='word_1_45' title='bbox 411 1275 530 1375; x_wconf 85' lang='lat' dir='ltr'>palam</span> <span class='ocrx_word' id='word_1_46' title='bbox 553 1273 712 1378; x_wconf 47' lang='lat' dir='ltr'>diffrent</span> <span class='ocrx_word' id='word_1_47' title='bbox 734 1290 770 1348; x_wconf 93' lang='lat' dir='ltr'>et</span> <span class='ocrx_word' id='word_1_48' title='bbox 791 1274 1027 1374; x_wconf 83' lang='lat' dir='ltr'>sponderent,</span> <span class='ocrx_word' id='word_1_49' title='bbox 1049 1275 1149 1348; x_wconf 88' lang='lat' dir='ltr'>aliud</span> <span class='ocrx_word' id='word_1_50' title='bbox 1174 1299 1261 1349; x_wconf 83' lang='lat' dir='ltr'>vero</span> <span class='ocrx_word' id='word_1_51' title='bbox 1285 1301 1347 1349; x_wconf 91' lang='lat' dir='ltr'>oc·</span> 
     </span>
     <span class='ocr_line' id='line_1_8' title="bbox 289 1391 1349 1490; baseline 0.002 -27"><span class='ocrx_word' id='word_1_52' title='bbox 289 1391 384 1464; x_wconf 91' lang='lat' dir='ltr'>culte</span> <span class='ocrx_word' id='word_1_53' title='bbox 404 1406 563 1490; x_wconf 85' lang='lat' dir='ltr'>tegerent</span> <span class='ocrx_word' id='word_1_54' title='bbox 581 1407 616 1464; x_wconf 88' lang='lat' dir='ltr'>et</span> <span class='ocrx_word' id='word_1_55' title='bbox 634 1393 756 1464; x_wconf 91' lang='lat' dir='ltr'>animo</span> <span class='ocrx_word' id='word_1_56' title='bbox 777 1393 957 1489; x_wconf 80' lang='lat' dir='ltr'>gestirent.</span> <span class='ocrx_word' id='word_1_57' title='bbox 980 1391 1089 1480; x_wconf 91' lang='lat' dir='ltr'>Quod</span> <span class='ocrx_word' id='word_1_58' title='bbox 1106 1392 1232 1483; x_wconf 89' lang='lat' dir='ltr'>etiam,</span> <span class='ocrx_word' id='word_1_59' title='bbox 1256 1393 1349 1466; x_wconf 84' lang='lat' dir='ltr'>inter</span> 
     </span>
     <span class='ocr_line' id='line_1_9' title="bbox 289 1507 1348 1607; baseline 0.004 -29"><span class='ocrx_word' id='word_1_60' title='bbox 289 1521 343 1580; x_wconf 88' lang='lat' dir='ltr'>tot</span> <span class='ocrx_word' id='word_1_61' title='bbox 368 1523 558 1606; x_wconf 88' lang='lat' dir='ltr'>tantosque</span> <span class='ocrx_word' id='word_1_62' title='bbox 578 1508 778 1607; x_wconf 89' lang='lat' dir='ltr'>principes,</span> <span class='ocrx_word' id='word_1_63' title='bbox 800 1531 876 1582; x_wconf 92' lang='lat' dir='ltr'>non</span> <span class='ocrx_word' id='word_1_64' title='bbox 900 1507 1017 1582; x_wconf 90' lang='lat' dir='ltr'>forent</span> <span class='ocrx_word' id='word_1_65' title='bbox 1039 1507 1148 1606; x_wconf 84' lang='lat' dir='ltr'><strong>aliqui</strong></span> <span class='ocrx_word' id='word_1_66' title='bbox 1172 1509 1348 1582; x_wconf 85' lang='lat' dir='ltr'>sinceram</span> 
     </span>
     <span class='ocr_line' id='line_1_10' title="bbox 288 1621 1348 1723; baseline 0.001 -27"><span class='ocrx_word' id='word_1_67' title='bbox 288 1621 335 1696; x_wconf 87' lang='lat' dir='ltr'>ad</span> <span class='ocrx_word' id='word_1_68' title='bbox 349 1623 607 1723; x_wconf 87' lang='lat' dir='ltr'>rempublicam</span> <span class='ocrx_word' id='word_1_69' title='bbox 617 1624 843 1697; x_wconf 89' lang='lat' dir='ltr'>affectionem</span> <span class='ocrx_word' id='word_1_70' title='bbox 854 1638 1028 1722; x_wconf 84' lang='lat' dir='ltr'>gerentes,</span> <span class='ocrx_word' id='word_1_71' title='bbox 1044 1639 1079 1696; x_wconf 88' lang='lat' dir='ltr'>et</span> <span class='ocrx_word' id='word_1_72' title='bbox 1091 1624 1215 1697; x_wconf 88' lang='lat' dir='ltr'>lacerae</span> <span class='ocrx_word' id='word_1_73' title='bbox 1226 1626 1348 1723; x_wconf 77' lang='lat' dir='ltr'>patriae</span> 
     </span>
     <span class='ocr_line' id='line_1_11' title="bbox 288 1739 1349 1840; baseline 0.001 -29"><span class='ocrx_word' id='word_1_74' title='bbox 288 1754 325 1812; x_wconf 91' lang='lat' dir='ltr'>et</span> <span class='ocrx_word' id='word_1_75' title='bbox 348 1739 594 1812; x_wconf 87' lang='lat' dir='ltr'>miserabiliter</span> <span class='ocrx_word' id='word_1_76' title='bbox 616 1741 799 1839; x_wconf 72' lang='lat' dir='ltr'>discerptae</span> <span class='ocrx_word' id='word_1_77' title='bbox 820 1755 856 1813; x_wconf 92' lang='lat' dir='ltr'>et</span> <span class='ocrx_word' id='word_1_78' title='bbox 877 1764 1056 1840; x_wconf 84' lang='lat' dir='ltr'>oppressae</span> <span class='ocrx_word' id='word_1_79' title='bbox 1072 1765 1147 1812; x_wconf 93' lang='lat' dir='ltr'>non</span> <span class='ocrx_word' id='word_1_80' title='bbox 1165 1753 1349 1839; x_wconf 88' lang='lat' dir='ltr'>compate-</span> 
     </span>
     <span class='ocr_line' id='line_1_12' title="bbox 288 1855 1348 1954; baseline 0.001 -27"><span class='ocrx_word' id='word_1_81' title='bbox 288 1872 430 1951; x_wconf 86' lang='lat' dir='ltr'>rentur,</span> <span class='ocrx_word' id='word_1_82' title='bbox 454 1881 606 1954; x_wconf 89' lang='lat' dir='ltr'>eamque</span> <span class='ocrx_word' id='word_1_83' title='bbox 623 1859 660 1930; x_wconf 92' lang='lat' dir='ltr'>in</span> <span class='ocrx_word' id='word_1_84' title='bbox 683 1858 869 1932; x_wconf 90' lang='lat' dir='ltr'>meliorem</span> <span class='ocrx_word' id='word_1_85' title='bbox 888 1858 1043 1940; x_wconf 87' lang='lat' dir='ltr'>formam</span> <span class='ocrx_word' id='word_1_86' title='bbox 1063 1881 1084 1928; x_wconf 90' lang='lat' dir='ltr'>a</span> <span class='ocrx_word' id='word_1_87' title='bbox 1107 1869 1204 1928; x_wconf 89' lang='lat' dir='ltr'>tanta</span> <span class='ocrx_word' id='word_1_88' title='bbox 1228 1855 1348 1952; x_wconf 89' lang='lat' dir='ltr'>abjec-</span> 
     </span>
    </p>
   </div>
   <div class='ocr_carea' id='block_1_3' title="bbox 162 1973 1350 2188">
    <p class='ocr_par' dir='ltr' id='par_1_3' title="bbox 162 1973 1350 2188">
     <span class='ocr_line' id='line_1_13' title="bbox 162 1973 1348 2060; baseline 0.002 -16"><span class='ocrx_word' id='word_1_89' title='bbox 162 2018 169 2027; x_wconf 91' lang='lat'>-</span> <span class='ocrx_word' id='word_1_90' title='bbox 246 2024 252 2034; x_wconf 83' lang='lat'><em>-</em></span> <span class='ocrx_word' id='word_1_91' title='bbox 290 1973 387 2044; x_wconf 87' lang='lat' dir='ltr'>tione</span> <span class='ocrx_word' id='word_1_92' title='bbox 416 1988 452 2045; x_wconf 88' lang='lat' dir='ltr'>et</span> <span class='ocrx_word' id='word_1_93' title='bbox 485 1973 709 2060; x_wconf 73' lang='lat' dir='ltr'>deformitate</span> <span class='ocrx_word' id='word_1_94' title='bbox 742 1973 930 2046; x_wconf 88' lang='lat' dir='ltr'>instaurari</span> <span class='ocrx_word' id='word_1_95' title='bbox 962 1988 999 2046; x_wconf 92' lang='lat' dir='ltr'>et</span> <span class='ocrx_word' id='word_1_96' title='bbox 1029 1973 1167 2044; x_wconf 88' lang='lat' dir='ltr'>restitui</span> <span class='ocrx_word' id='word_1_97' title='bbox 1201 1973 1348 2046; x_wconf 87' lang='lat' dir='ltr'>minime</span> 
     </span>
     <span class='ocr_line' id='line_1_14' title="bbox 164 2078 1350 2188; baseline 0 -28"><span class='ocrx_word' id='word_1_98' title='bbox 164 2078 170 2094; x_wconf 84' lang='lat'>&#39;</span> <span class='ocrx_word' id='word_1_99' title='bbox 237 2149 259 2168; x_wconf 70' lang='grc'>,.</span> <span class='ocrx_word' id='word_1_100' title='bbox 291 2087 437 2180; x_wconf 87' lang='lat' dir='ltr'>vellent,</span> <span class='ocrx_word' id='word_1_101' title='bbox 463 2087 566 2162; x_wconf 83' lang='lat' dir='ltr'>valde</span> <span class='ocrx_word' id='word_1_102' title='bbox 593 2103 917 2188; x_wconf 86' lang='lat' dir='ltr'>praesumptuosum</span> <span class='ocrx_word' id='word_1_103' title='bbox 941 2103 976 2164; x_wconf 84' lang='lat' dir='ltr'>et</span> <span class='ocrx_word' id='word_1_104' title='bbox 1002 2085 1231 2162; x_wconf 89' lang='lat' dir='ltr'>temerarium</span> <span class='ocrx_word' id='word_1_105' title='bbox 1258 2103 1350 2161; x_wconf 88' lang='lat' dir='ltr'>esset</span> 
     </span>
    </p>
   </div>
   <div class='ocr_carea' id='block_1_4' title="bbox 286 2203 826 2300">
    <p class='ocr_par' dir='ltr' id='par_1_4' title="bbox 286 2203 826 2300">
     <span class='ocr_line' id='line_1_15' title="bbox 286 2203 826 2300; baseline 0.004 -24"><span class='ocrx_word' id='word_1_106' title='bbox 286 2203 449 2300; x_wconf 87' lang='lat' dir='ltr'>judicare</span> <span class='ocrx_word' id='word_1_107' title='bbox 465 2220 501 2278; x_wconf 90' lang='lat' dir='ltr'>et</span> <span class='ocrx_word' id='word_1_108' title='bbox 517 2204 707 2279; x_wconf 84' lang='lat' dir='ltr'>defendere</span> <span class='ocrx_word' id='word_1_109' title='bbox 723 2204 826 2279; x_wconf 90' lang='lat' dir='ltr'>velle.</span> 
     </span>
    </p>
   </div>
   <div class='ocr_carea' id='block_1_5' title="bbox 657 2549 982 2620">
    <p class='ocr_par' dir='ltr' id='par_1_5' title="bbox 657 2549 982 2620">
     <span class='ocr_line' id='line_1_16' title="bbox 657 2549 982 2620; baseline -0.003 -1"><span class='ocrx_word' id='word_1_110' title='bbox 657 2549 914 2620; x_wconf 81' lang='lat' dir='ltr'>CAPlTULUM</span> <span class='ocrx_word' id='word_1_111' title='bbox 938 2551 982 2618; x_wconf 92' lang='lat' dir='ltr'>ll.</span> 
     </span>
    </p>
   </div>
   <div class='ocr_carea' id='block_1_6' title="bbox 320 2749 1321 2908">
    <p class='ocr_par' dir='ltr' id='par_1_6' title="bbox 320 2749 1321 2908">
     <span class='ocr_line' id='line_1_17' title="bbox 320 2749 1321 2826; baseline 0.004 -22"><span class='ocrx_word' id='word_1_112' title='bbox 320 2749 363 2804; x_wconf 74' lang='lat' dir='ltr'>An</span> <span class='ocrx_word' id='word_1_113' title='bbox 373 2750 408 2805; x_wconf 79' lang='lat' dir='ltr'>ab</span> <span class='ocrx_word' id='word_1_114' title='bbox 420 2762 532 2820; x_wconf 74' lang='lat' dir='ltr'>eventu,</span> <span class='ocrx_word' id='word_1_115' title='bbox 545 2749 665 2806; x_wconf 86' lang='lat' dir='ltr'>omnium</span> <span class='ocrx_word' id='word_1_116' title='bbox 678 2749 833 2824; x_wconf 82' lang='lat' dir='ltr'>hujusmodi</span> <span class='ocrx_word' id='word_1_117' title='bbox 845 2750 1000 2826; x_wconf 87' lang='lat' dir='ltr'>principum</span> <span class='ocrx_word' id='word_1_118' title='bbox 1012 2749 1124 2808; x_wconf 88' lang='lat' dir='ltr'>intentio</span> <span class='ocrx_word' id='word_1_119' title='bbox 1136 2763 1163 2806; x_wconf 88' lang='lat' dir='ltr'>ct</span> <span class='ocrx_word' id='word_1_120' title='bbox 1172 2764 1246 2807; x_wconf 78' lang='lat' dir='ltr'>actus</span> <span class='ocrx_word' id='word_1_121' title='bbox 1258 2751 1321 2808; x_wconf 79' lang='lat' dir='ltr'>mali</span> 
     </span>
     <span class='ocr_line' id='line_1_18' title="bbox 712 2833 1158 2908; baseline 0 -21"><span class='ocrx_word' id='word_1_122' title='bbox 712 2833 763 2888; x_wconf 87' lang='lat' dir='ltr'>sint</span> <span class='ocrx_word' id='word_1_123' title='bbox 778 2833 926 2908; x_wconf 83' lang='lat' dir='ltr'>judicandi.</span> <span class='ocrx_word' id='word_1_124' title='bbox 1153 2833 1158 2844; x_wconf 88' lang='grc'><strong>’</strong></span> 
     </span>
    </p>
   </div>
   <div class='ocr_carea' id='block_1_7' title="bbox 236 3021 1350 3357">
    <p class='ocr_par' dir='ltr' id='par_1_7' title="bbox 236 3021 1350 3357">
     <span class='ocr_line' id='line_1_19' title="bbox 236 3021 1350 3124; baseline -0.001 -28"><span class='ocrx_word' id='word_1_125' title='bbox 236 3089 240 3096; x_wconf 92' lang='grc'>.</span> <span class='ocrx_word' id='word_1_126' title='bbox 340 3021 481 3094; x_wconf 85' lang='lat' dir='ltr'>Scimus</span> <span class='ocrx_word' id='word_1_127' title='bbox 501 3021 647 3120; x_wconf 90' lang='lat' dir='ltr'>quidem</span> <span class='ocrx_word' id='word_1_128' title='bbox 670 3023 845 3124; x_wconf 91' lang='lat' dir='ltr'>plurimos</span> <span class='ocrx_word' id='word_1_129' title='bbox 870 3023 976 3098; x_wconf 88' lang='lat' dir='ltr'>fuisse</span> <span class='ocrx_word' id='word_1_130' title='bbox 996 3039 1032 3097; x_wconf 90' lang='lat' dir='ltr'>et</span> <span class='ocrx_word' id='word_1_131' title='bbox 1051 3047 1149 3096; x_wconf 89' lang='lat' dir='ltr'>nunc</span> <span class='ocrx_word' id='word_1_132' title='bbox 1168 3047 1263 3114; x_wconf 85' lang='lat' dir='ltr'>esse,</span> <span class='ocrx_word' id='word_1_133' title='bbox 1288 3023 1350 3120; x_wconf 91' lang='lat' dir='ltr'>qui</span> 
     </span>
     <span class='ocr_line' id='line_1_20' title="bbox 291 3137 1346 3237; baseline 0.001 -26"><span class='ocrx_word' id='word_1_134' title='bbox 291 3137 338 3211; x_wconf 86' lang='lat' dir='ltr'>ab</span> <span class='ocrx_word' id='word_1_135' title='bbox 357 3153 488 3213; x_wconf 88' lang='lat' dir='ltr'>eventu</span> <span class='ocrx_word' id='word_1_136' title='bbox 507 3165 563 3212; x_wconf 90' lang='lat' dir='ltr'>res</span> <span class='ocrx_word' id='word_1_137' title='bbox 582 3141 752 3216; x_wconf 81' lang='lat' dir='ltr'>duntaxat</span> <span class='ocrx_word' id='word_1_138' title='bbox 772 3145 966 3216; x_wconf 85' lang='lat' dir='ltr'>metiuntur</span> <span class='ocrx_word' id='word_1_139' title='bbox 981 3141 1177 3232; x_wconf 87' lang='lat' dir='ltr'>humanas,</span> <span class='ocrx_word' id='word_1_140' title='bbox 1195 3140 1346 3237; x_wconf 83' lang='lat' dir='ltr'>quique,</span> 
     </span>
     <span class='ocr_line' id='line_1_21' title="bbox 291 3252 1346 3357; baseline 0.003 -32"><span class='ocrx_word' id='word_1_141' title='bbox 291 3252 374 3326; x_wconf 92' lang='lat' dir='ltr'>ideo</span> <span class='ocrx_word' id='word_1_142' title='bbox 391 3255 496 3352; x_wconf 91' lang='lat' dir='ltr'>quod.</span> <span class='ocrx_word' id='word_1_143' title='bbox 508 3255 715 3353; x_wconf 89' lang='lat' dir='ltr'>hujusmodi</span> <span class='ocrx_word' id='word_1_144' title='bbox 735 3259 937 3357; x_wconf 88' lang='lat' dir='ltr'>principum</span> <span class='ocrx_word' id='word_1_145' title='bbox 960 3273 1109 3332; x_wconf 89' lang='lat' dir='ltr'>conatus</span> <span class='ocrx_word' id='word_1_146' title='bbox 1125 3268 1161 3330; x_wconf 91' lang='lat' dir='ltr'>et</span> <span class='ocrx_word' id='word_1_147' title='bbox 1178 3257 1346 3346; x_wconf 87' lang='lat' dir='ltr'>intentio,</span> 
     </span>
    </p>
   </div>
   <div class='ocr_carea' id='block_1_8' title="bbox 292 3371 1458 3473">
    <p class='ocr_par' dir='ltr' id='par_1_8' title="bbox 292 3371 1458 3473">
     <span class='ocr_line' id='line_1_22' title="bbox 292 3371 1458 3473; baseline 0 -29"><span class='ocrx_word' id='word_1_148' title='bbox 292 3396 401 3469; x_wconf 92' lang='lat' dir='ltr'>quam</span> <span class='ocrx_word' id='word_1_149' title='bbox 421 3371 654 3470; x_wconf 84' lang='lat' dir='ltr'>praeferebant</span> <span class='ocrx_word' id='word_1_150' title='bbox 672 3375 806 3465; x_wconf 82' lang='lat' dir='ltr'>verbis,</span> <span class='ocrx_word' id='word_1_151' title='bbox 829 3375 986 3447; x_wconf 82' lang='lat' dir='ltr'>fructum</span> <span class='ocrx_word' id='word_1_152' title='bbox 1006 3374 1155 3447; x_wconf 89' lang='lat' dir='ltr'>minime</span> <span class='ocrx_word' id='word_1_153' title='bbox 1172 3374 1351 3473; x_wconf 88' lang='lat' dir='ltr'>pepererit</span> <span class='ocrx_word' id='word_1_154' title='bbox 1454 3445 1458 3454; x_wconf 80' lang='grc'><strong>,</strong></span> 
     </span>
    </p>
   </div>
   <div class='ocr_carea' id='block_1_9' title="bbox 291 3487 1352 4402">
    <p class='ocr_par' dir='ltr' id='par_1_9' title="bbox 291 3487 1352 4402">
     <span class='ocr_line' id='line_1_23' title="bbox 291 3487 1350 3590; baseline -0.001 -30"><span class='ocrx_word' id='word_1_155' title='bbox 291 3487 557 3561; x_wconf 86' lang='lat' dir='ltr'>instaurationis</span> <span class='ocrx_word' id='word_1_156' title='bbox 578 3490 780 3590; x_wconf 87' lang='lat' dir='ltr'>reipublicae</span> <span class='ocrx_word' id='word_1_157' title='bbox 800 3492 837 3562; x_wconf 93' lang='lat' dir='ltr'>in</span> <span class='ocrx_word' id='word_1_158' title='bbox 858 3492 1001 3583; x_wconf 91' lang='lat' dir='ltr'>melius,</span> <span class='ocrx_word' id='word_1_159' title='bbox 1026 3491 1113 3587; x_wconf 92' lang='lat' dir='ltr'>quin</span> <span class='ocrx_word' id='word_1_160' title='bbox 1132 3490 1252 3588; x_wconf 89' lang='lat' dir='ltr'>potius</span> <span class='ocrx_word' id='word_1_161' title='bbox 1273 3487 1350 3560; x_wconf 90' lang='lat' dir='ltr'>vul-</span> 
     </span>
     <span class='ocr_line' id='line_1_24' title="bbox 293 3603 1350 3704; baseline 0 -29"><span class='ocrx_word' id='word_1_162' title='bbox 293 3627 380 3676; x_wconf 90' lang='lat' dir='ltr'>nera</span> <span class='ocrx_word' id='word_1_163' title='bbox 401 3603 560 3700; x_wconf 87' lang='lat' dir='ltr'>ejusdem</span> <span class='ocrx_word' id='word_1_164' title='bbox 581 3605 728 3702; x_wconf 86' lang='lat' dir='ltr'>(quibus</span> <span class='ocrx_word' id='word_1_165' title='bbox 750 3606 937 3680; x_wconf 90' lang='lat' dir='ltr'>medendis</span> <span class='ocrx_word' id='word_1_166' title='bbox 957 3629 999 3678; x_wconf 91' lang='lat' dir='ltr'>ao</span> <span class='ocrx_word' id='word_1_167' title='bbox 1019 3605 1185 3677; x_wconf 85' lang='lat' dir='ltr'>sanandis</span> <span class='ocrx_word' id='word_1_168' title='bbox 1203 3627 1350 3704; x_wconf 92' lang='lat' dir='ltr'>operam</span> 
     </span>
     <span class='ocr_line' id='line_1_25' title="bbox 293 3716 1349 3821; baseline 0 -31"><span class='ocrx_word' id='word_1_169' title='bbox 293 3743 330 3790; x_wconf 88' lang='lat' dir='ltr'>se</span> <span class='ocrx_word' id='word_1_170' title='bbox 348 3733 384 3791; x_wconf 89' lang='lat' dir='ltr'>et</span> <span class='ocrx_word' id='word_1_171' title='bbox 400 3719 580 3792; x_wconf 88' lang='lat' dir='ltr'>salubrem</span> <span class='ocrx_word' id='word_1_172' title='bbox 597 3719 818 3794; x_wconf 84' lang='lat' dir='ltr'>adhibituros</span> <span class='ocrx_word' id='word_1_173' title='bbox 837 3721 1097 3821; x_wconf 88' lang='lat' dir='ltr'>pollicebantur</span> <span class='ocrx_word' id='word_1_174' title='bbox 1115 3716 1349 3814; x_wconf 89' lang='lat' dir='ltr'>medicinam)</span> 
     </span>
     <span class='ocr_line' id='line_1_26' title="bbox 294 3834 1352 3938; baseline 0.002 -32"><span class='ocrx_word' id='word_1_175' title='bbox 294 3859 368 3906; x_wconf 92' lang='lat' dir='ltr'>non</span> <span class='ocrx_word' id='word_1_176' title='bbox 392 3837 503 3910; x_wconf 92' lang='lat' dir='ltr'>modo</span> <span class='ocrx_word' id='word_1_177' title='bbox 525 3862 600 3910; x_wconf 88' lang='lat' dir='ltr'>non</span> <span class='ocrx_word' id='word_1_178' title='bbox 620 3839 795 3932; x_wconf 89' lang='lat' dir='ltr'>curarint,</span> <span class='ocrx_word' id='word_1_179' title='bbox 816 3837 880 3910; x_wconf 89' lang='lat' dir='ltr'>sed</span> <span class='ocrx_word' id='word_1_180' title='bbox 897 3838 1016 3938; x_wconf 88' lang='lat' dir='ltr'>potius</span> <span class='ocrx_word' id='word_1_181' title='bbox 1033 3835 1168 3914; x_wconf 93' lang='lat' dir='ltr'>eisdem</span> <span class='ocrx_word' id='word_1_182' title='bbox 1189 3834 1352 3932; x_wconf 85' lang='lat' dir='ltr'>graviora</span> 
     </span>
     <span class='ocr_line' id='line_1_27' title="bbox 293 3951 1351 4046; baseline -0.001 -23"><span class='ocrx_word' id='word_1_183' title='bbox 293 3963 329 4023; x_wconf 89' lang='lat' dir='ltr'>et</span> <span class='ocrx_word' id='word_1_184' title='bbox 348 3952 533 4026; x_wconf 89' lang='lat' dir='ltr'>acerbiora</span> <span class='ocrx_word' id='word_1_185' title='bbox 551 3951 755 4026; x_wconf 85' lang='lat' dir='ltr'>addiderint</span> <span class='ocrx_word' id='word_1_186' title='bbox 772 3952 884 4046; x_wconf 89' lang='lat' dir='ltr'>mala,</span> <span class='ocrx_word' id='word_1_187' title='bbox 908 3953 965 4026; x_wconf 89' lang='lat' dir='ltr'>vel</span> <span class='ocrx_word' id='word_1_188' title='bbox 988 3952 1144 4028; x_wconf 92' lang='lat' dir='ltr'>addendi</span> <span class='ocrx_word' id='word_1_189' title='bbox 1168 3968 1204 4025; x_wconf 88' lang='lat' dir='ltr'>et</span> <span class='ocrx_word' id='word_1_190' title='bbox 1225 3975 1351 4024; x_wconf 93' lang='lat' dir='ltr'>cumu-</span> 
     </span>
     <span class='ocr_line' id='line_1_28' title="bbox 292 4063 1351 4168; baseline 0 -31"><span class='ocrx_word' id='word_1_191' title='bbox 292 4063 391 4138; x_wconf 89' lang='lat' dir='ltr'>landi</span> <span class='ocrx_word' id='word_1_192' title='bbox 414 4067 591 4141; x_wconf 90' lang='lat' dir='ltr'>deteriora</span> <span class='ocrx_word' id='word_1_193' title='bbox 611 4089 717 4168; x_wconf 92' lang='lat' dir='ltr'>super</span> <span class='ocrx_word' id='word_1_194' title='bbox 738 4067 915 4168; x_wconf 90' lang='lat' dir='ltr'>populum</span> <span class='ocrx_word' id='word_1_195' title='bbox 933 4067 1106 4140; x_wconf 90' lang='lat' dir='ltr'>humilem</span> <span class='ocrx_word' id='word_1_196' title='bbox 1124 4067 1351 4139; x_wconf 89' lang='lat' dir='ltr'>occasionem</span> 
     </span>
     <span class='ocr_line' id='line_1_29' title="bbox 292 4183 1351 4286; baseline 0.002 -30"><span class='ocrx_word' id='word_1_197' title='bbox 292 4183 496 4278; x_wconf 88' lang='lat' dir='ltr'>attulerint,</span> <span class='ocrx_word' id='word_1_198' title='bbox 521 4188 798 4283; x_wconf 89' lang='lat' dir='ltr'>pertinacissime</span> <span class='ocrx_word' id='word_1_199' title='bbox 821 4185 1015 4261; x_wconf 83' lang='lat' dir='ltr'>defendant</span> <span class='ocrx_word' id='word_1_200' title='bbox 1035 4185 1241 4286; x_wconf 79' lang='lat' dir='ltr'>principum</span> <span class='ocrx_word' id='word_1_201' title='bbox 1262 4209 1351 4284; x_wconf 78' lang='lat' dir='ltr'>prae·</span> 
     </span>
     <span class='ocr_line' id='line_1_30' title="bbox 293 4297 1351 4402; baseline 0.002 -30"><span class='ocrx_word' id='word_1_202' title='bbox 293 4297 473 4374; x_wconf 75' lang='lat' dir='ltr'>dictorum</span> <span class='ocrx_word' id='word_1_203' title='bbox 497 4301 740 4376; x_wconf 88' lang='lat' dir='ltr'>damnabilem</span> <span class='ocrx_word' id='word_1_204' title='bbox 760 4301 807 4376; x_wconf 85' lang='lat' dir='ltr'>ab</span> <span class='ocrx_word' id='word_1_205' title='bbox 829 4303 931 4376; x_wconf 90' lang='lat' dir='ltr'>initio</span> <span class='ocrx_word' id='word_1_206' title='bbox 953 4319 988 4378; x_wconf 83' lang='lat' dir='ltr'>et</span> <span class='ocrx_word' id='word_1_207' title='bbox 1009 4325 1195 4402; x_wconf 90' lang='lat' dir='ltr'>nunquam</span> <span class='ocrx_word' id='word_1_208' title='bbox 1216 4315 1351 4374; x_wconf 88' lang='lat' dir='ltr'>rectam</span> 
     </span>
    </p>
   </div>
   <div class='ocr_carea' id='block_1_10' title="bbox 0 0 1700 5184">
    <p class='ocr_par' dir='ltr' id='par_1_10' title="bbox 0 0 1700 5184">
     <span class='ocr_line' id='line_1_31' title="bbox 0 0 1700 5184; baseline 0 0"><span class='ocrx_word' id='word_1_209' title='bbox 0 0 1700 5184; x_wconf 95' lang='lat' dir='ltr'> </span> 
     </span>
    </p>
   </div>
  </div>
 </body>
</html>
