3322 5172
621 551 732 611 LIBER
750 554 922 624 QUINTUS.
1243 555 1301 613 393

243 683 354 768 ciam,
387 681 435 754 ad
466 705 545 778 eam
578 683 819 782 recipiendam
848 684 988 783 sibique
1017 685 1297 782 acquirendam,

242 798 491 878 transmittere.
511 796 619 886 Quod
638 799 836 872 cumidem
858 804 1016 874 Renatus
1039 800 1249 899 pervidisset
1265 786 1318 874 et'

240 916 459 1010 agnovisset,
477 913 614 986 studuit
635 915 878 1013 providenter,
897 919 1014 1014 sagaci
1031 917 1193 1015 profecto
1216 941 1300 989 usus

230 1029 413 1132 consilio,
429 1030 620 1128 praevenire
640 1030 853 1129 periculum.
873 1032 1030 1104 Accessit
1041 1031 1139 1103 enim
1156 1029 1301 1125 Lugdu·

243 1169 331 1216 num
351 1144 398 1217 ad
417 1139 573 1242 regem¹,
594 1143 732 1243 sibique
756 1147 903 1219 minime
926 1171 1020 1244 opus
1047 1135 1123 1218 fore
1148 1144 1237 1217 dixit
1260 1161 1300 1217 ut
1332 1137 1333 1142 ’
1419 1215 1423 1228 ,

243 1261 349 1332 armis
373 1260 597 1333 Provinciam
629 1262 891 1358 aggrederetur,
919 1264 978 1335 cui
1007 1277 1043 1335 et
1074 1263 1232 1335 civitates
1263 1277 1299 1334 et

243 1400 341 1448 arces
364 1375 523 1473 ejusdem
538 1391 676 1476 apertas
692 1401 767 1450 esse
782 1378 944 1469 volebat,
962 1381 1011 1451 ita
1029 1392 1067 1450 ut
1082 1377 1300 1478 ubicumque

243 1517 306 1566 rex
327 1493 453 1587 vellet,
470 1517 619 1566 suorum
639 1493 773 1565 locaret
797 1493 949 1566 militum
973 1493 1154 1593 praesidia;
1173 1507 1209 1566 et
1224 1518 1299 1567 non

244 1606 354 1679 modo
378 1607 446 1698 ibi,
463 1607 579 1680 sedet
597 1608 633 1679 in
655 1608 856 1705 Andegavia
875 1623 911 1680 et
933 1610 1065 1681 caeteris
1084 1609 1186 1681 terris
1207 1610 1297 1700 suis,

244 1721 605 1828 tantummodonvita
624 1725 774 1816 comite,
794 1747 940 1796 suarum
963 1722 1211 1820 hujuscemodi
1231 1738 1299 1795 ter-

243 1863 364 1910 rarum
382 1837 480 1934 (cum
497 1839 674 1911 masculos
691 1838 783 1912 lilios
804 1864 879 1913 non
896 1837 1059 1935 haberet)
1075 1838 1249 1910 fructibus
1265 1852 1300 1910 et

243 1953 473 2052 proventibus
486 1955 673 2055 potiretur.
686 1954 827 2043 Quibus
841 1954 1081 2028 oblationibus
1094 1956 1296 2052 acceptatis

243 2095 304 2142 rex
327 2069 456 2143 dicitur
480 2072 519 2141 in
541 2070 749 2166 hujusmodi
778 2071 879 2143 terris
905 2072 1041 2143 arcium
1067 2070 1234 2144 custodes
1265 2085 1299 2142 ct

241 2201 402 2282 caeteros,
431 2213 499 2286 pro
527 2212 654 2262 eorum
675 2187 1003 2278 administratione,
1030 2186 1202 2262 officiales
1234 2212 1299 2258 suo

242 2305 388 2375 nomine
404 2303 592 2376 instituisse
608 2319 644 2376 et
655 2305 832 2403 posuisse;
847 2302 1111 2406 expeditionem
1125 2303 1209 2376 illuc
1222 2304 1300 2374 mit·

243 2435 314 2492 tere
332 2419 513 2493 abstinuit.
543 2420 652 2508 Quod
667 2419 794 2519 procul
809 2417 922 2491 dubio
938 2420 1068 2491 accolis
1085 2420 1195 2517 ipsius
1217 2423 1299 2491 Pro·

242 2536 365 2608 vinciae
381 2535 463 2608 satis
489 2535 603 2607 lausto
628 2526 748 2606 omine
772 2535 955 2633 provenit;
976 2557 1061 2606 nam
1086 2535 1116 2605 si
1140 2559 1299 2631 eousque

241 2651 393 2722 militurn
409 2651 521 2749 copiae
536 2650 748 2748 attigissent,
765 2665 1013 2748 sumptuosam
1029 2651 1137 2766 nimis
1148 2664 1186 2721 et
1200 2649 1299 2724 dam-

239 2790 367 2838 nosam
383 2766 503 2864 patriae
519 2765 808 2865 procurationem
824 2766 875 2837 eis
891 2766 1134 2838 exsolvissent.
1244 2851 1245 2854 Ἴ

290 2889 430 2956 Partem
453 2884 559 2956 etiam
583 2880 796 2954 nonnullam
818 2883 1005 2980 copiarum
1030 2906 1177 2954 suarum
1206 2883 1300 2954 misit

241 2998 335 3072 idem
352 3024 416 3071 rex
432 3003 651 3072 Francorum
669 2996 717 3070 ad
733 3012 843 3070 terras
859 2997 962 3070 ducis
981 2998 1026 3071 de
1048 3003 1240 3084 Nenwurs,
1262 3012 1299 3069 ut

239 3138 299 3186 eas
320 3117 511 3214 ipsumque
533 3115 662 3189 ducem
684 3112 753 3186 sub
773 3137 922 3186 manum
944 3129 980 3186 et
999 3113 1175 3186 ditionem
1197 3137 1298 3185 suam

239 3236 484 3329 reponerent¹.
503 3237 587 3305 Erat
611 3232 688 3332 ipse
712 3229 786 3304 dux
808 3254 930 3304 comes
952 3229 1136 3303 Marchiae⁸
1159 3243 1195 3301 et
1218 3228 1298 3327 plu·
1340 3269 1343 3274 ·

238 3345 332 3416 rium
349 3345 525 3419 nobilium
542 3363 716 3420 terrarum
733 3346 918 3439 dominus,
938 3347 991 3418 vir
1008 3345 1171 3445 prolecto
1188 3344 1298 3444 aequi·

240 3475 312 3532 tate
326 3475 361 3532 et
374 3461 511 3557 justitia
526 3477 634 3561 atque
652 3463 910 3563 probatissimis
934 3464 1094 3538 moribus
1111 3465 1297 3563 egregius;

279 3755 308 3812 l.
332 3751 356 3811 Il
370 3749 433 3808 vint
450 3751 561 3827 itLyon
581 3769 617 3807 en
632 3749 690 3809 mai
705 3754 798 3824 ld'ld;
814 3750 886 3810 mais
902 3750 931 3809 le
947 3752 991 3810 roi
1008 3752 1050 3812 lui
1065 3752 1145 3813 avait
1164 3751 1229 3824 ddja
1245 3749 1299 3809 de·

240 3843 308 3920 pute
328 3840 531 3916 l'archevdque
548 3837 584 3896 de
597 3838 722 3913 Vienne,
737 3842 818 3900 muni
833 3840 870 3900 de
891 3841 918 3898 la
937 3841 1018 3900 croix
1040 3841 1077 3900 de
1101 3840 1181 3900 Saint
1197 3838 1296 3910 Laud,

239 3949 314 4008 pour
328 3929 369 3989 lui
387 3928 458 3987 scire
474 3928 557 4002 jurer
575 3926 674 3987 dessus
686 3929 757 4006 qu'il
776 3931 900 3989 n’aurait
916 3931 981 4009 plus
1000 3929 1214 4008 d'intelligence
1227 3945 1298 3986 avec

238 4017 266 4076 le
284 4017 341 4076 duc
355 4015 393 4075 de
409 4021 592 4095 Bourgogne.
610 4015 634 4072 ll
660 4020 741 4093 prdta
761 4036 794 4075 ce
814 4030 941 4077 serment
962 4017 1033 4077 dans
1051 4017 1149 4076 l’hdtel
1174 4015 1212 4073 de
1228 4013 1298 4072 ville

238 4104 362 4178 d’Arles,
377 4105 406 4164 le
420 4111 438 4164 7
453 4105 526 4163 avril
542 4107 631 4166 illd.
645 4109 714 4165 Mss.
728 4109 871 4188 Legrand,
890 4121 911 4168 t.
929 4111 1038 4169 XXIV:

278 4199 308 4255 Ξ.
331 4200 409 4255 Mars
423 4197 513 4254 illd.

281 4289 311 4343 ³:
332 4289 371 4344 La
387 4285 504 4345 biarche
518 4283 555 4344 de
567 4283 727 4344 Limousin.
