3282 5168
592 525 703 582 matt
727 525 893 584 TERTIUS.
1215 528 1273 584 269

216 654 372 728 silientes
391 655 428 726 in
446 654 583 746 hostes,
603 654 750 728 eosdem
773 669 915 754 turpem
940 668 976 727 et
999 656 1274 752 ignominiosam

216 771 335 869 sugam
347 773 502 871 arripere
518 786 726 869 coegerunt,
742 772 839 844 caesis
858 771 912 844 vel
923 772 1035 871 captis
1054 795 1095 844 ex
1108 773 1194 872 ipsis
1207 775 1276 846 oir-

216 889 304 960 citer
316 887 362 961 ad
377 888 451 961 duo
470 885 601 976 millia,
619 911 702 962 cum
719 887 872 986 plurima
889 886 1020 987 praeda.

264 1005 518 1104 Hujuscemodi
534 1020 654 1077 autem
674 1004 775 1078 clade
791 1021 972 1105 suscepta,
993 1007 1055 1105 qui
1075 1032 1119 1079 es
1139 1007 1275 1080 eisdem

215 1121 392 1194 seditiosis
408 1137 516 1219 atque
528 1118 720 1194 rebellibus
732 1136 960 1220 supererant,
977 1146 1052 1193 sese
1066 1136 1277 1221 receperunt

216 1252 252 1309 ct
274 1236 493 1334 collegerunt
516 1237 553 1309 in
577 1237 659 1308 satis
680 1261 869 1310 numerosa
885 1237 1113 1310 multitudine
1129 1239 1165 1308 in
1184 1265 1276 1336 quo·

217 1352 301 1425 dam
315 1369 461 1443 monte,
482 1352 529 1425 ab
545 1376 589 1424 ea
605 1351 693 1424 urbe
709 1350 860 1424 distante
877 1367 1031 1450 quatuor
1052 1352 1270 1427 milliaribus.

217 1474 256 1541 ln
271 1493 346 1567 quo
363 1470 464 1556 loco,
481 1493 584 1562 cum,
604 1467 735 1540 exactis
751 1465 865 1539 tribus
882 1481 943 1539 aut
959 1483 1114 1565 quatuor
1127 1467 1272 1557 diebuS‚

217 1584 262 1657 de
283 1585 374 1682 regis
400 1583 558 1656 Edoardi
582 1583 737 1655 adventu
768 1584 975 1681 propinquo
1000 1583 1273 1674 intellexissent,

216 1699 326 1797 ipsius
333 1699 480 1770 minime
491 1698 568 1771 ausi
575 1711 777 1796 exspectare
785 1721 1029 1794 congressum,
1044 1697 1275 1772 versusoram

217 1815 432 1888 maritimam
449 1813 689 1910 diffugientes,
709 1814 797 1912 lugae
813 1814 976 1911 praesidio
998 1812 1066 1886 sibi
1085 1815 1277 1886 consulue-

217 1947 323 2024 runt,
346 1931 393 2005 ad
417 1930 555 2002 diversa
576 1955 613 2002 se
635 1929 734 2020 loca,
757 1944 834 2002 tum
857 1931 1003 2029 propria
1024 1931 1174 2028 partim,
1201 1943 1276 2002 tum

217 2048 323 2120 etiam
342 2047 475 2138 aliena,
493 2044 728 2118 conferentes.

556 2441 811 2511 CAPITULUM
837 2442 928 2508 Xlll.

243 2668 283 2721 Dc
294 2666 387 2720 iterato
398 2663 516 2719 Edoauli
531 2663 600 2736 regis
613 2663 734 2734 ingressu
744 2660 910 2728 Londonias‚
925 2673 1009 2715 morte
1021 2659 1128 2716 llcnrici
1141 2675 1166 2717 ct
1177 2664 1251 2718 totali

408 2753 637 2809 consummatione
649 2751 856 2824 recuperationis
866 2750 942 2823 regni
953 2751 1054 2824 Anglic
1062 2753 1083 2808 ¹.

268 2975 336 3044 Rex
363 2981 484 3044 autem
509 2969 696 3042 Edoardus
717 2992 800 3042 cum
825 2967 1000 3058 exercitu,
1032 2969 1203 3042 aestimato
1231 2970 1279 3042 ad

218 3088 360 3186 triginta
376 3086 486 3160 millia
501 3090 683 3185 equitum,
703 3085 892 3159 comitatus
908 3083 1116 3184 proceribus
1128 3102 1163 3158 et
1177 3086 1279 3160 nobi·

217 3205 311 3279 libus
327 3207 434 3278 totius
450 3207 550 3302 regni
567 3205 702 3302 majore
715 3231 758 3278 ex
774 3218 893 3304 parte,
911 3228 995 3276 cum
1010 3227 1141 3301 magno
1157 3206 1280 3278 trium·

218 3322 293 3422 pho
324 3338 359 3396 et
387 3322 560 3422 applausu
596 3321 722 3422 populi
753 3347 855 3396 suam
882 3322 1015 3419 regiam
1048 3322 1275 3414 Londonias‚

217 3465 290 3511 xxi.
305 3439 364 3512 die
381 3437 541 3537 ejusdem
559 3438 691 3510 mensis
704 3439 804 3532 maii,
824 3453 876 3510 est
889 3438 1079 3535 ingressus.
1103 3437 1154 3510 sd
1178 3441 1279 3535 cujus

218 3557 326 3631 etiam
343 3579 472 3628 manus
489 3555 628 3653 captiva
651 3553 805 3628 adducta
832 3569 885 3626 est
906 3555 1028 3627 infelix
1049 3556 1109 3627 illa
1132 3555 1280 3630 domina

218 3678 414 3774 Margareta
431 3673 620 3773 pluresque
641 3673 817 3772 capitanei
840 3686 875 3743 et
898 3671 1051 3744 militum
1068 3672 1199 3765 duces,
1218 3677 1278 3772 qui

219 3792 335 3864 mariti
352 3814 568 3889 suarumque
585 3803 621 3863 et
641 3788 703 3861 filii
719 3790 773 3861 sui
790 3788 944 3888 partium
961 3788 1105 3878 lucrant¹
1119 3789 1281 3862 defenso-

218 3934 292 4004 reS,
313 3910 376 4007 qui
392 3933 415 3981 a
431 3909 536 3981 variis
554 3906 712 3979 Edoardi
725 3904 899 3996 ducibus,
917 3920 998 4004 post
1014 3906 1175 4006 praelium
1190 3904 1280 3977 illud

219 4025 382 4100 habitum
409 4050 524 4125 prope
552 4022 673 4098 villam
701 4021 747 4093 de
779 4022 981 4120 Tewsbury,
1014 4040 1051 4097 et
1075 4037 1158 4096 ante
1183 4021 1279 4094 hunc

260 4272 301 4330 l.·
312 4267 448 4348 Chapitre
462 4264 517 4326 tire
532 4263 569 4324 de
582 4263 610 4324 la
624 4265 719 4324 meme
732 4282 834 4323 source
847 4283 904 4342 que
917 4264 959 4323 les
972 4263 1152 4342 precedents.
