3272 5182
371 511 443 568 1881
642 511 900 572 fflsroltmtuu
921 512 1100 578 LUDOVIGI
1118 515 1161 572 Xl

368 641 439 716 lem
460 669 524 744 per
545 646 733 717 Summum
755 643 966 717 Pontificem
978 646 1091 720 creari
1112 645 1272 740 secer-au,
1287 646 1432 720 etvelut

369 760 581 834 fidissimum
615 761 778 834 omnium
813 761 1019 834 mortalium
1051 762 1243 835 hominum
1275 765 1431 838 amicum

370 891 456 948 tunc
470 874 641 966 babebat,
658 901 756 948 nunc
771 901 857 948 vero
872 877 1041 954 comitem
1057 880 1305 969 Sancti-Pauli,
1323 905 1432 976 quem

370 1019 411 1065 ex
429 993 587 1092 partibus
613 992 714 1064 ducis
739 992 1036 1090 Burgundionum
1052 995 1100 1066 ad
1116 1021 1154 1068 se
1172 996 1375 1068 adtraxerat
1397 1011 1434 1068 et

370 1110 675 1183 constabularium
699 1134 740 1182 ac
760 1133 969 1208 supremum
991 1110 1101 1182 totius
1122 1115 1222 1208 regni
1246 1111 1432 1186 tribunum

371 1225 524 1300 militum
545 1226 805 1314 constituerat¹,
823 1250 921 1297 nunc
944 1225 1032 1300 alios
1057 1243 1092 1300 et
1115 1227 1216 1300 alios.
1236 1234 1277 1301 ln
1302 1228 1434 1326 quibus

370 1339 607 1436 legationibus
629 1341 745 1414 missis
767 1340 960 1413 hincinde
984 1357 1091 1441 atque
1114 1344 1287 1429 remissiS‚
1313 1343 1434 1444 plures

371 1455 447 1527 dies
465 1455 703 1554 nonnullique
723 1458 878 1530 menses³
899 1469 983 1528 sunt
1003 1457 1146 1551 detriti,
1171 1482 1269 1531 anno
1291 1481 1433 1556 serragea

371 1570 462 1642 simo
481 1584 622 1642 octavo.
779 1557 781 1562 ¹

420 1689 510 1758 Cum
536 1712 622 1759 vero
643 1712 703 1758 rex
723 1712 788 1787 per
808 1686 1015 1784 hujusmodi
1036 1687 1232 1786 legationes
1255 1714 1321 1762 suo
1338 1687 1432 1762 desi-

371 1801 472 1872 derio
497 1827 573 1875 non
597 1801 758 1875 satisfieri
784 1804 1025 1902 conspiceret,
1051 1807 1168 1900 rogari
1196 1805 1277 1877 lecit
1303 1805 1431 1878 ducem

375 1917 669 2013 Burgundionum
688 1934 728 1990 ut
746 1917 915 1989 veniendi
932 1919 980 1990 ad
997 1944 1034 1991 se
1056 1919 1150 2018 apud
1175 1920 1311 1992 dictum
1328 1923 1433 2020 oppi-

372 2036 460 2107 dum
483 2041 677 2125 Peronam,
704 2061 788 2108 cum
809 2061 874 2109 suo
897 2038 1050 2136 simplici
1072 2053 1181 2131 statu,
1208 2041 1433 2114 securitatem

372 2167 564 2252 praestaret.
586 2149 709 2224 Aiebat
726 2154 823 2224 enim
839 2155 910 2250 (uti
926 2153 1020 2227 lama
1036 2169 1125 2246 erat,
1142 2155 1385 2230 fraudulenter
1397 2174 1433 2232 et

372 2267 516 2363 dolose)
535 2268 678 2342 fratrem
696 2295 802 2342 suum
819 2285 855 2343 et
871 2271 1002 2344 ducem
1022 2273 1207 2366 Britonum
1225 2298 1349 2346 secum
1367 2300 1432 2375 pa·

372 2409 451 2456 cem
469 2385 587 2457 iniisse
607 2399 714 2484 atque
731 2385 884 2498 bgbere‚
907 2411 1016 2486 quam
1036 2386 1197 2460 similiter
1216 2413 1433 2489 magnopere

372 2501 652 2574 secum-habere
679 2502 884 2604 allectaret3
908 2517 943 2575 et
956 2502 1039 2585 boe
1063 2503 1160 2575 velut
1186 2517 1432 2605 stratagemate

372 2641 470 2710 usus,
483 2641 566 2688 cum
577 2633 696 2691 tamen
707 2619 751 2692 de
761 2644 849 2718 pace
859 2617 1047 2693 conciliata
1057 2643 1140 2710 cum
1150 2619 1252 2692 dictis
1262 2646 1432 2718 germano

373 2757 438 2804 suo
464 2746 500 2804 et
522 2733 615 2807 duce
638 2736 826 2808 Britanniae
846 2734 936 2807 nihil
958 2736 1101 2834 penitus
1124 2738 1249 2826 esset⁴,
1271 2743 1434 2836 Burgun-

374 2847 526 2920 dionum
549 2850 680 2925 ducem
703 2850 829 2923 callide
850 2848 896 2922 ad
919 2851 1017 2948 pacis
1040 2849 1172 2923 foedera
1194 2852 1348 2942 inflexit,
1372 2855 1435 2952 qui

373 2961 458 3036 alias
475 2964 610 3038 adhoc
628 2965 861 3039 verisimiliter
876 2967 1037 3039 animum
1053 2991 1129 3038 non
1146 2967 1367 3040 intendisset.

415 3186 443 3244 l.
466 3185 490 3244 Il
505 3184 547 3244 fut
561 3185 641 3244 sacre
654 3186 766 3266 evaque
778 3173 925 3246 d'Erreux
934 3185 963 3245 le
974 3190 992 3243 1
1004 3188 1074 3265 aorlt
1088 3189 1178 3261 1165,
1189 3201 1218 3248 et
1226 3189 1292 3249 cre‘e
1304 3191 1434 3255 cardinal

374 3292 411 3333 en
429 3277 518 3335 1161.

415 3369 444 3428 2.
467 3373 508 3428 Le
521 3364 566 3424 roi
578 3363 658 3424 avait
674 3363 761 3423 retire
778 3363 805 3424 le
821 3376 915 3423 comte
926 3363 962 3423 de
973 3365 1124 3426 Saint-Pol
1138 3367 1240 3440 d’avec
1252 3369 1280 3427 le
1293 3381 1387 3427 comte
1398 3367 1435 3428 de

375 3455 534 3526 Chatelais,
545 3474 605 3513 non
619 3475 670 3534 pas
683 3475 719 3514 en
733 3455 761 3513 le
774 3455 872 3514 creant
887 3455 1068 3531 comante,
1081 3456 1217 3535 puisqu'il
1231 3458 1258 3516 le
1271 3457 1371 3516 derint
1383 3478 1436 3538 par

374 3545 402 3604 la
423 3563 528 3625 guerre
550 3543 589 3602 du
609 3544 680 3623 Bicn
699 3543 798 3623 public
819 3557 848 3604 et
866 3547 935 3605 n‘en
959 3547 1096 3610 continue
1119 3565 1170 3626 pas
1188 3547 1281 3608 moins
1299 3567 1352 3607 son
1370 3567 1436 3607 ser-

373 3633 438 3692 vice
460 3633 531 3692 dans
547 3632 576 3690 la
594 3632 705 3692 maison
723 3631 760 3691 de
778 3637 967 3714 Bourgognc,
985 3633 1058 3693 mais
1077 3651 1113 3693 en
1131 3635 1172 3694 lui
1194 3635 1297 3695 faisant
1312 3633 1437 3716 epouser

375 3741 412 3782 en
426 3725 504 3782 1166
519 3741 550 3782 sa
563 3721 745 3798 belle-suem,
759 3722 850 3782 Marie
863 3721 900 3781 de
914 3722 1029 3786 savoie.

416 3814 444 3872 3.
467 3811 548 3870 Lisez
566 3809 752 3870 hebdomades
768 3831 806 3871 au
821 3812 880 3870 lieu
900 3811 937 3872 de
958 3833 1075 3871 menses.
1094 3814 1147 3872 Ces
1165 3811 1253 3872 allees
1274 3824 1304 3872 et
1326 3831 1436 3872 rennes

375 3900 513 3961 durerent
526 3899 647 3960 environ
660 3900 704 3962 six
716 3899 868 3962 semaines.

415 3994 445 4054 1.
468 3990 544 4052 C’est
556 3990 584 4049 la
597 3989 626 4049 la
637 3990 754 4050 version
764 3989 816 4069 qui
828 3989 939 4050 courait
952 3989 1022 4050 dans
1034 3991 1077 4050 les
1093 4011 1164 4071 pays
1176 3991 1215 4052 du
1227 3991 1285 4052 duc
1298 3990 1335 4051 de
1345 3995 1437 4050 Bone

375 4102 486 4164 gogne3
501 4082 572 4142 mais
581 4101 619 4140 on
633 4080 667 4140 lit
678 4093 741 4141 tout
753 4094 835 4142 autre
844 4081 931 4142 chose
943 4082 1015 4142 dans
1025 4084 1054 4142 la
1062 4084 1228 4164 chronique
1237 4083 1435 4159 scaudaleuse,

376 4176 393 4231 1
407 4172 516 4246 macir,
528 4191 586 4251 que
596 4171 624 4230 le
638 4169 694 4230 duc
707 4171 745 4230 de
758 4176 913 4252 Bretagne‚
929 4171 1039 4251 effraye
1053 4172 1089 4232 de
1100 4173 1165 4234 voir
1177 4193 1223 4234 ses
1233 4193 1304 4254 pays
1317 4169 1437 4234 envehis

376 4281 430 4342 par
448 4263 491 4322 les
503 4260 648 4339 Frencais,
663 4259 806 4321 demanda
818 4264 835 4320 it
849 4260 942 4321 truiter
961 4261 1187 4343 conjointement
1202 4283 1274 4322 avec
1290 4264 1317 4323 le
1330 4263 1387 4322 duc
1400 4261 1437 4321 de
