3014 5010
209 434 266 492 118
482 431 737 490 fltsvosmnon
758 431 936 489 Luoovlcl
956 430 999 487 Xl
1020 460 1024 471 ·

208 567 369 664 quinque
392 564 512 636 leucas
539 589 615 635 non
632 537 797 662 ‘amplius
825 586 847 635 a
871 588 910 635 se
932 562 1121 656 distantes,
1147 565 1284 639 relictis

209 697 291 782 post
308 707 345 752 se
358 679 581 780 pedestribus
592 680 706 779 copiis
722 693 758 751 et
774 676 937 752 curribus
956 678 1088 776 quibus
1101 680 1284 754 machinae

208 811 245 869 et
260 819 360 868 arma
371 793 497 866 bellica
511 792 747 884 vehebantur,
768 793 911 890 aggredi
928 793 1085 891 primurn
1105 798 1283 892 Burgun-

208 911 335 985 diones
359 911 560 983 destinavit.
594 910 633 981 ld
664 909 812 1006 quidem
839 911 1041 983 inconsulte
1065 937 1073 982 ε
1097 935 1205 1001 nam,
1237 929 1282 986 ut

208 1032 354 1133 publica
374 1056 444 1104 vox
467 1044 504 1104 et
519 1030 745 1103 verisimilius
768 1045 864 1119 erat,
892 1031 921 1102 si
944 1033 1103 1130 primum
1128 1031 1175 1104 ad
1199 1035 1280 1105 Bri-

208 1168 338 1227 tomrm
361 1152 554 1224 exereitum
584 1150 839 1235 debellandum
865 1174 903 1222 se
919 1153 1170 1245 convertisset,
1190 1179 1279 1227 cum

207 1293 281 1366 quo
299 1282 373 1339 erat
390 1268 556 1354 Carolus,
576 1291 766 1362 germanus
782 1292 885 1353 suus,
904 1282 1032 1340 contra
1048 1269 1140 1364 regis
1152 1269 1280 1367 copias

207 1383 357 1455 minime
386 1384 545 1453 [tritones
576 1381 767 1454 subsistere
807 1382 1020 1479 potuissent.
1061 1387 1146 1455 Esto
1177 1385 1277 1456 enim

209 1498 308 1597 quod
336 1512 455 1570 essent
482 1499 621 1570 circiter
645 1497 838 1569 duodecim
866 1497 976 1570 millia
993 1500 1171 1589 virorum,
1200 1523 1277 1570 non

210 1629 330 1686 tamen
349 1615 396 1686 ita
413 1615 522 1686 armis
538 1614 712 1710 equisque
734 1612 896 1683 instructi
922 1627 1023 1684 erant
1040 1614 1278 1712 quemadmo-

209 1728 298 1802 dum
315 1730 443 1802 milites
460 1730 581 1826 regni‚
603 1752 719 1826 neque
743 1728 779 1798 in
797 1751 835 1800 re
856 1727 1000 1800 militari
1028 1729 1121 1802 adeo
1141 1732 1277 1802 exerci-

212 1848 289 1920 tati.
315 1846 385 1918 Sed
407 1846 491 1943 quia
519 1847 651 1917 mirum
675 1849 712 1914 in
739 1842 889 1914 modum
913 1844 1158 1918 inardescebat
1184 1849 1278 1944 regis

210 1962 352 2033 animus
375 1959 421 2032 ad
442 1960 715 2059 Burgundiones
732 1956 983 2050 debellandos,
1002 1961 1142 2033 omissis
1160 1963 1277 2033 Brito·

209 2075 331 2169 nibus,
354 2075 399 2148 ad
420 2078 588 2150 comitem
603 2076 650 2148 de
668 2073 854 2147 Charolois
869 2099 950 2148 suas
968 2076 1091 2174 copias
1106 2076 1273 2190 direrjss.

578 2388 838 2462 CAPll'llLUlll
864 2392 906 2460 V.

210 2580 249 2634 De
263 2580 355 2653 prelio
366 2592 459 2633 contra
472 2578 632 2651 llurgundos
640 2579 711 2653 apud
722 2580 954 2634 Mentem-Herieii
965 2599 1013 2654 per
1023 2597 1109 2652 regem
1123 2579 1275 2644 commisto,

244 2674 305 2734 post
315 2659 390 2731 quod
406 2679 468 2726 rex,
480 2661 679 2732 liothomagum
692 2660 851 2728 adveniens,
864 2679 972 2734 magnas
984 2662 1075 2733 copias
1093 2680 1124 2715 ex
1141 2663 1272 2716 Nonnu-

245 2743 289 2796 nia
303 2741 395 2796 eduxit
405 2756 430 2796 et
442 2743 555 2797 Parisios
567 2761 594 2796 se
607 2745 715 2816 recepit.

262 2927 362 3000 ldem
393 2943 513 3002 autern
542 2954 665 3003 comes
693 2944 806 3031 prope
832 2929 953 3004 villam
979 2929 1272 3020 Montis-Hericii,

212 3043 320 3143 vulgo
340 3044 473 3117 dictam
488 3046 751 3143 Mona-ledam,
777 3062 893 3121 castra
909 3071 974 3122 sua
996 3047 1141 3138 locavit,
1164 3070 1275 3145 eaque

214 3186 344 3259 magno
379 3186 551 3234 curruum
580 3187 733 3236 numero
765 3163 963 3253 munierat,
996 3164 1058 3263 dri
1093 3163 1275 3238 machinas

214 3303 296 3351 suas
313 3294 350 3350 et
373 3278 457 3350 belli
474 3295 688 3377 apparatum
705 3280 896 3354 vehebant.
917 3283 1009 3352 Cum
1025 3306 1110 3378 ergo
1126 3280 1174 3353 ad
1191 3304 1276 3352 eum

215 3394 335 3466 locum
363 3419 423 3466 rex
448 3395 672 3468 adventasset
683 3399 707 3486 ¹,
727 3396 764 3468 in
788 3423 861 3496 quo
880 3411 1036 3470 castrum
1062 3397 1171 3469 babet
1194 3398 1276 3468 satis

215 3509 381 3602 firmum,
405 3510 562 3583 decrevit
580 3512 674 3585 illico
696 3513 814 3613 ipsum
839 3515 1008 3586 comitem
1025 3514 1071 3586 de
1091 3512 1277 3584 Charolois

253 3733 281 3788 1.
304 3727 469 3789 commines
485 3742 528 3787 est
543 3727 610 3787 bien
625 3729 691 3808 plus
703 3729 858 3808 croyable‚
874 3732 1004 3810 lorsmr’il
1018 3732 1149 3802 affirma,
1163 3748 1276 3789 comme

210 3818 237 3877 lc
251 3831 351 3876 tenant
367 3817 404 3875 de
420 3817 507 3876 Louis
523 3821 565 3876 Xl
581 3818 756 3894 lui-meme,
770 3839 828 3897 que
841 3821 869 3878 le
885 3819 999 3879 dessein
1014 3818 1051 3879 de
1072 3819 1190 3879 celui-ci
1209 3819 1277 3877 etait

208 3906 311 3966 d’aller
325 3925 355 3965 se
373 3905 534 3964 reniermer
546 3904 618 3964 dans
637 3908 718 3966 Paris
740 3927 778 3967 en
791 3908 902 3968 evitant
921 3908 963 3968 les
982 3909 1225 3989 Bourguignons,
1248 3921 1277 3966 et

208 4018 265 4077 que
282 3998 309 4055 la
324 4007 479 4054 rencontre
491 3999 571 4054 n’eut
585 3996 643 4054 lieu
656 4016 714 4074 que
728 4018 815 4076 parce
827 4018 885 4076 que
900 3998 998 4059 Pierre
1010 3997 1047 4058 de
1059 3999 1147 4058 Βιόιό
1161 3998 1189 4057 la
1203 4017 1276 4076 pro-

211 4110 279 4148 cura
295 4087 331 4147 de
345 4107 376 4146 sa
390 4108 496 4165 propre
511 4087 637 4146 nolonte.
653 4091 817 4163 Memoim,
833 4089 856 4150 l.
871 4093 896 4164 1,
911 4109 938 4148 c.
953 4110 1000 4147 ιιι.

252 4183 281 4240 2.
306 4182 344 4238 16
355 4177 450 4252 juillet
464 4180 552 4237 1165.
