3014 5010
13 4484 142 4704 *x

229 434 268 489 bi
499 432 755 490 msromattutt
774 431 952 490 mnovtct
970 432 1016 489 x1

228 562 347 633 vicum
363 561 569 660 prosatum,
587 586 671 633 curn
692 561 857 633 nondum
880 586 1020 635 menses
1038 584 1100 634 sex
1117 585 1144 634 a
1171 584 1246 632 sua
1272 560 1314 630 in

231 700 381 770 regnum
397 677 647 750 sublimatione
663 679 895 750 transiissent.

565 1023 824 1093 ctPtTULUtt
849 1026 941 1093 xvt.

230 1229 269 1280 De
286 1223 383 1278 federe
398 1225 473 1297 qood
488 1228 652 1281 Francorum
665 1246 712 1282 ru
729 1226 790 1280 imit
801 1245 865 1279 curn
883 1227 1001 1291 Ioanne,
1013 1243 1075 1297 rege
1086 1228 1267 1296 Αιηουιιω,
1284 1235 1313 1275 et

265 1304 420 1357 liberatione
435 1305 531 1376 regina
547 1307 658 1359 obsesso
676 1303 751 1378 apud
764 1304 919 1358 Gernndm
935 1324 984 1378 per
1003 1303 1150 1359 adventum
1168 1304 1313 1358 exercitus

265 1384 436 1438 Francorum.

283 1563 419 1636 Eodem
436 1578 556 1637 autem
572 1581 754 1664 tempore,
779 1569 957 1653 ioannes,
976 1588 1037 1635 rex
1054 1568 1271 1660 Aragonum
1281 1570 1306 1651 ¹,

232 1681 339 1753 frater
360 1678 494 1751 attonsi
517 1680 602 1776 (qui
628 1679 759 1752 scilicet
780 1679 944 1751 alfonsus
964 1680 1001 1750 in
1016 1679 1162 1768 Sicilia,
1191 1678 1307 1775 pulso

232 1796 317 1868 inde
340 1809 374 1866 et
395 1796 509 1890 ejecto
532 1799 689 1884 Renato,
717 1794 823 1866 simui
844 1810 881 1866 et
901 1796 939 1867 in
965 1794 1141 1889 Aragonia
1167 1816 1306 1890 regna·

233 1912 362 2005 verat),
378 1910 509 1983 auxilia
520 1937 542 1984 a
554 1912 750 2001 Ludoxico,
762 1915 980 1983 Francorum
997 1935 1092 2006 rege,
1111 1909 1306 2007 requisivit

233 2026 403 2099 adversus
419 2027 609 2099 Catalanos
624 2029 686 2125 qui
699 2043 825 2100 contra
839 2054 879 2100 se
894 2026 1185 2100 rebellaverant&

283 2144 461 2240 Indiguati
479 2146 577 2217 enirn
593 2146 772 2236 catalani,
791 2161 827 2217 et
839 2146 1033 2244 praesertim
1051 2144 1304 2215 Barcinonen-

234 2284 316 2349 ses,
344 2261 445 2358 quod
470 2262 567 2334 idem
591 2267 770 2354 loannes,
799 2288 860 2334 rex
882 2287 989 2352 sous,
1015 2260 1227 2347 Carolum¹,
1256 2285 1302 2331 ex

234 2377 355 2474 priore
378 2378 530 2473 conjuge
550 2402 632 2467 sua,
663 2380 808 2476 optimae
832 2376 966 2449 indolis
986 2375 1123 2462 filiurn,
1150 2373 1303 2446 fraudu·

235 2495 363 2585 lenter,
393 2495 643 2569 novercalibus
665 2494 952 2593 suggestionibus
977 2491 1142 2578 delusus,
1167 2505 1302 2563 contra

234 2612 448 2708 promissam
465 2636 487 2682 a
504 2637 541 2682 se
562 2610 670 2683 fidem
696 2613 916 2683 exstinxisset
939 2610 1017 2703 (cui
1033 2606 1163 2679 Caroio
1185 2605 1300 2677 iidem

236 2729 515 2798 barcinonenses
538 2727 648 2798 fidem
669 2753 737 2825 pro
762 2752 826 2799 sua
848 2725 895 2797 de
916 2740 1016 2822 patre
1037 2723 1226 2795 securitate
1243 2737 1299 2792 at·

236 2865 307 2936 que
335 2842 548 2938 impunitate
574 2840 862 2927 obstrinxerant,
889 2838 994 2910 simul
1018 2863 1103 2910 cum
1128 2850 1204 2908 tota
1228 2839 1301 2907 Ca·

236 2955 408 3046 tatonis„
440 2958 533 3052 regis
564 2956 749 3055 perfidiam
776 2971 884 3054 atque
909 2955 1053 3027 crudele
1076 2968 1113 3024 et
1138 2954 1299 3022 immane

237 3071 470 3169 parricidium
495 3073 677 3161 detestati,
703 3087 830 3144 contra
851 3097 935 3143 eurn
952 3070 1167 3142 unanimiter
1185 3066 1301 3138 rebel-

237 3188 367 3257 larunt.
386 3189 457 3275 Qui
477 3213 562 3259 curn
574 3190 738 3260 aerarium
751 3187 855 3261 vaide
870 3188 1081 3285 opulentum
1096 3183 1297 3269 baberent,

238 3301 433 3375 multorum
462 3305 687 3376 successione
715 3328 894 3375 annorum
930 3302 977 3374 de
1004 3315 1079 3372 tota
1110 3300 1300 3397 provincia

238 3414 427 3490 collectum
448 3435 484 3492 et
505 3436 754 3517 aggregatum,
773 3420 873 3517 quod
899 3421 935 3489 in
960 3419 1157 3488 Baminona
1172 3439 1299 3486 serra·

238 3532 363 3621 batur,
390 3551 463 3606 tarn
482 3551 650 3633 potentes
665 3551 787 3623 erant,
812 3536 913 3634 quod
929 3535 976 3607 ad
991 3560 1055 3605 eos
1071 3532 1301 3604 edomandos
1381 3564 1385 3569 ·

239 3662 347 3745 atque
374 3648 639 3745 distringendos
658 3653 750 3722 uires
778 3666 864 3721 tuuc
886 3664 920 3720 et
945 3649 1105 3748 potentia
1127 3648 1181 3716 sui
1205 3647 1299 3742 regis

237 3762 345 3858 longe
358 3763 544 3836 inferiores
556 3766 782 3838 exsistebant.
798 3765 1043 3853 Quamobrem
1056 3787 1155 3847 cum,
1173 3764 1211 3831 in
1227 3787 1298 3832 no·

280 4000 307 4053 t.
327 3999 403 4052 Juan
415 3997 456 4065 11,
472 3996 516 4052 noi
530 3994 689 4075 Magon.

280 4087 308 4141 ἲ.
333 4084 514 4143 ttchcttarum
527 4083 599 4142 dans
610 4085 640 4142 le
652 4107 707 4146 ms.

280 4180 308 4230 3.
331 4178 397 4232 Don
408 4174 527 4245 wios,
542 4174 642 4252 μένα
657 4175 696 4234 de
712 4176 812 4235 Visne.
