3282 5168
603 543 714 602 ιιιιιιιι
742 543 926 616 Quanrus.
1237 507 1293 605 ars

234 699 345 774 parvo
365 675 660 773 Burgundionum
674 677 874 774 potentiam
887 675 1118 770 aestimantem
1107 676 1195 749 scd
1211 700 1295 748 cum

233 790 295 863 illo
311 790 413 864 ducis
429 792 603 864 exercitus
628 791 771 865 advenit
779 791 924 890 ,longe
940 815 1063 884 secus,
1084 815 1127 864 ac
1150 814 1188 864 se
1213 816 1293 891 per·

233 920 316 979 ante
329 907 574 1003 jactitassent,
571 907 836 981 exhibuerunt.

284 1022 479 1097 Obsessum
497 1039 550 1098 est
570 1027 689 1123 primo
706 1025 882 1125 oppidum
901 1024 947 1097 de
966 1024 1078 1097 Venlo
1094 1048 1203 1123 supra
1219 1027 1296 1100 Μο-

234 1161 330 1230 sam,
349 1141 450 1238 quod
473 1139 518 1214 de
544 1165 608 1214 sua
630 1141 830 1214 munitione
854 1139 1050 1245 plurimum
1071 1139 1292 1235 conlidebat3

234 1255 334 1352 atqui
359 1281 443 1329 cum
467 1257 505 1328 in
533 1258 658 1357 paucis
685 1257 811 1330 diebus
838 1256 1013 1330 machinis
1038 1281 1081 1330 ac
1106 1259 1297 1331 tormentis

233 1395 396 1470 pressum
410 1371 532 1445 fuisset
540 1424 550 1461 ,
563 1375 682 1446 statim
696 1373 743 1446 de
758 1371 941 1447 deditione
956 1374 1190 1468 cogitarunt¹,
1206 1391 1296 1474 pau·

234 1488 285 1560 cis
301 1513 343 1560 ex
366 1489 417 1562 eis
433 1489 496 1587 qui
510 1489 644 1588 recepti
660 1502 743 1572 sunt
764 1490 939 1587 supplicio
964 1487 1136 1580 allectis,
1146 1514 1238 1587 quos
1257 1489 1296 1562 in

235 1603 442 1702 recipiendo
456 1603 677 1677 deditionem
693 1604 767 1676 dux
786 1602 1078 1703 Burgundionum
1101 1627 1167 1676 suo
1184 1629 1296 1678 reser-

235 1734 335 1792 varat
352 1719 512 1793 arbitrio.
532 1721 668 1793 Exinde
683 1720 730 1793 ad
746 1720 885 1793 diversa
908 1720 1082 1820 oppidula
1097 1733 1132 1792 et
1154 1719 1297 1794 castella

235 1837 475 1936 aggredienda
490 1839 664 1911 exercitus
681 1861 756 1910 sese
773 1837 914 1929 elludit3
930 1863 1009 1937 quae
1026 1839 1147 1911 omnia
1165 1838 1293 1932 ferme,

236 1952 379 2026 modica
403 1969 465 2027 aut
490 1953 588 2054 pulla
615 1953 780 2054 opposita
804 1954 1019 2047 resistentia,
1045 1967 1187 2053 receptu
1213 1962 1298 2028 sunt

237 2093 351 2166 usque
366 2069 640 2166 Noviomagum.
659 2072 751 2141 Cum
768 2083 886 2142 autem
903 2066 964 2141 illo
985 2068 1058 2141 dux
1074 2067 1298 2164 Burgundio-

235 2209 325 2258 num
341 2185 513 2285 applicuit
527 2199 564 2257 et
580 2199 696 2258 castra
712 2199 865 2260 metatus
881 2199 953 2277 est,
972 2185 1010 2256 in
1027 2183 1140 2256 tribus
1157 2182 1296 2256 hebdo-

235 2300 402 2374 madibus
424 2302 473 2374 ita
493 2301 645 2373 turrium
672 2298 939 2400 propugnacula
961 2323 1158 2398 murosque
1178 2314 1215 2371 et
1235 2322 1298 2388 eo·¹

235 2441 317 2490 rum
344 2417 563 2489 munitiones
590 2418 753 2516 petrariis
777 2441 819 2489 ac
843 2416 1031 2488 tormentis
1062 2414 1164 2512 fregit
1190 2429 1297 2511 atque

235 2533 381 2629 dejecit,
399 2549 438 2606 ut
451 2534 586 2632 absque
604 2557 739 2630 magno
749 2534 896 2631 negotio
905 2532 1106 2630 ‘expugnari
1120 2531 1298 2631 oppidum

235 2664 270 2724 et
295 2653 448 2751 pervim
474 2666 581 2750 atque
605 2649 777 2724 insultum
799 2649 878 2747 capi
895 2649 1088 2748 potuisset,
1107 2649 1175 2719 nisi
1193 2647 1297 2746 oppi-

234 2769 321 2842 dani
339 2769 516 2870 supplices
534 2783 641 2867 atque
665 2767 820 2840 nimium
845 2765 1018 2858 exterriti,
1037 2765 1142 2838 venia
1167 2765 1296 2864 petita,

235 2887 499 2960 deditionemf
482 2883 646 2961 faciendo
673 2883 873 3016 periculum
894 2883 1121 2956 evitassent’.
1141 2886 1299 2954 Fuerunt

235 3017 357 3076 autem
373 3003 420 3076 ad
439 3003 587 3102 gratiam
602 2999 755 3101 recepti,
776 2998 898 3091 armis,
916 2997 1030 3097 portis
1045 3012 1152 3096 atque
1170 2999 1298 3070 moeni·

235 3119 305 3193 bus
321 3134 358 3194 et
382 3134 457 3192 tota
478 3117 604 3236 oppidi
630 3117 830 3191 munitione
854 3138 1019 3213 quoque,
1045 3130 1081 3188 et
1098 3113 1298 3188 incolarum

236 3239 313 3336 ejus
340 3237 534 3338 privilegiis
555 3260 598 3309 ac
619 3232 840 3308 libertatibus
867 3230 911 3304 ad
939 3232 1086 3304 victoris
1113 3229 1300 3306 arbitrium

237 3355 422 3451 resignatis
438 3369 473 3427 et
486 3351 651 3425 dimissis.
671 3352 741 3441 Qui
754 3351 862 3452 etiam
871 3405 881 3442 ,
900 3373 968 3449 pro
985 3339 1183 3421 resistentia
1197 3361 1233 3420 et
1248 3349 1301 3422 in·
1347 3391 1349 3401 ·

237 3469 444 3544 obedientia
458 3494 548 3570 quas
564 3470 740 3560 f,ecerant
754 3465 917 3540 mulctari
929 3465 1136 3539 ferebantur
1147 3465 1186 3537 in
1201 3479 1300 3540 octo·

238 3594 335 3692 ginta
352 3593 508 3666 millibus
523 3593 744 3665 florenorum
761 3563 1005 3662 rhenensium.
1096 3599 1099 3608 '
1167 3663 1170 3670 ,

286 3697 449 3786 Exterriti
466 3726 585 3788 autem
597 3709 643 3784 de
655 3691 866 3806 Noviomagi
878 3704 1102 3801 subactione,
1117 3704 1218 3806 quod
1233 3729 1300 3779 coe·

230 3832 320 3904 teris
330 3829 497 3904 omnibus
513 3825 746 3928 reputabatur
759 3824 868 3922 longe
886 3822 1040 3917 firmius,
1055 3825 1236 3923 potentius
1251 3838 1301 3896 at·

237 3971 308 4047 que
320 3947 531 4048 populosius
544 3944 677 4018 caeteris
689 3958 865 4015 terrarum
878 3939 1018 4013 illarum
1033 3940 1189 4040 oppidis,
1206 3940 1300 4013 cives

278 4129 307 4188 1.
330 4126 443 4187 Venloo
462 4145 495 4186 se
515 4123 626 4198 rendit,
649 4121 678 4182 le
699 4123 732 4180 21
753 4119 818 4195 juin
839 4123 931 4194 1173,
950 4121 1035 4201 apres
1050 4131 1152 4198 quatre
1164 4119 1248 4194 jours
1261 4117 1300 4179 dc

238 4216 329 4367 aldge-
333 4311 374 4366 Le
388 4307 426 4365 19
437 4305 541 4379 juillet.
