3014 5010
298 441 337 497 ’Μ
570 437 825 495 mmmm]
845 436 1023 495 iswflss
1042 437 1087 494 n

299 567 1377 670 regiomgnaexpaneiundataetdotatatquibmjm

298 710 381 778 sna,
399 686 467 760 urb
489 686 656 786 predicta
680 709 833 758 censum
854 686 1122 760 confiscationis
1142 691 1320 788 corporis
1338 703 1377 760 et

298 800 499 895 1333333333,
518 802 578 876 tali
595 800 714 875 edicto
729 800 848 873 ablata
863 817 960 873 sunt.

643 1108 900 1178 CAPITL'LOE
924 1109 1033 1177 XXII.

299 1309 340 1365 Do
350 1312 408 1364 aliis
417 1310 524 1365 dnobus
535 1312 632 1382 iniquis
642 1311 744 1375 edictis,
755 1323 781 1364 et
793 1310 828 1363 de
840 1310 905 1363 novi
917 1310 1052 1382 vectigalis
1060 1309 1135 1383 apud
1142 1311 1373 1365 mateh-

350 1566 454 1642 Aliud
472 1585 591 1642 antem
609 1568 767 1643 edictum
787 1570 894 1641 etiam
912 1593 954 1642 ex
972 1567 1134 1665 ejsudem
1150 1568 1245 1665 regis
1257 1569 1372 1664 juris·

300 1686 488 1786 punientia
522 1701 559 1759 et
592 1687 627 1759 in
658 1690 775 1759 Deum
804 1687 934 1785 pietate
967 1685 1158 1757 emanavit.
1192 1685 1369 1782 Praecepit

298 1803 395 1875 errirn
412 1800 582 1875 omnibns
598 1800 825 1874 ecclesiarum
842 1800 994 1901 praelatis
1009 1801 1118 1872 totius
1134 1801 1249 1898 regni,
1267 1802 1370 1898 mpi-

300 1918 454 2017 tulisquc
483 1934 519 1991 ct
541 1917 798 1991 cathedralium
831 1932 867 1991 et
896 1915 1161 2014 collegiatarum
1190 1940 1368 2012 quarum·

300 2058 456 2132 cumque
468 2032 696 2107 (aeclesiarum
709 2035 905 2125 canonicis,
914 2032 1144 2106 ecclesiarum
1160 2031 1367 2105 rectoribus

300 2163 335 2223 ct
362 2174 485 2221 333333
511 2149 758 2222 matriculariis
784 2175 846 2222 seu
875 2147 1117 2237 thesaurariis,
1143 2145 1367 2246 cappellanis

302 2260 549 2363 hospitalium,
568 2265 820 2366 leprosiarum,
839 2281 874 2337 et
889 2286 1201 2362 quorumcumque
1216 2263 1364 2361 piorum

301 2392 335 2453 et
354 2378 599 2475 religiosorum
615 2380 962 2455 administratoribus
975 2379 1153 2466 locorum,
1168 2393 1361 2475 quatenus,

301 2494 391 2569 iufra
409 2510 545 2571 curtum
564 2499 756 2571 terminum
776 2494 979 2596 prefixum,
996 2494 1196 2568 senescallis
1212 2507 1249 2566 et
1264 2492 1367 2567 balli-

302 2612 366 2702 vis,
387 2612 477 2687 iufra
493 2639 649 2713 quorum
667 2613 930 2686 territoriorum
947 2611 1076 2684 limites
1092 2609 1211 2683 situati
1228 2610 1361 2697 forent,

302 2724 599 2803 dcouutiumcnta
622 2755 686 2801 seu
711 2727 968 2800 declarationes
995 2724 1178 2798 traderent
1197 2725 1364 2796 omnium

303 2854 477 2915 torcorum
498 2860 533 2915 ct
555 2844 788 2942 praediorum,
814 2868 987 2916 censuum
1010 2856 1116 2939 atque
1136 2838 1361 2929 reddituum,

303 2982 394 3056 quos
408 2957 583 3032 lrubcrcnt
595 2974 629 3031 et
644 2960 879 3059 perciperent,
896 2982 1008 3056 usque
1020 2957 1124 3030 etiam
1137 2953 1184 3026 ad
1197 2957 1364 3029 minimas

304 3086 335 3143 ct
356 3072 607 3148 minutissimas
619 3092 753 3175 partes3
769 3089 837 3147 eta
855 3100 929 3175 quo
943 3087 1106 3174 tempore
1125 3086 1161 3144 et
1174 3071 1363 3171 quomodo

305 3184 509 3283 hujusmodi
532 3192 603 3264 suis
626 3191 801 3283 ccelesiis,
824 3205 886 3262 aut
901 3188 1101 3280 beneficiis,
1119 3186 1176 3260 vel
1194 3185 1364 3258 domibus

304 3302 473 3399 acquisitu
498 3306 660 3399 suisseot;
687 3306 921 3407 exprimendo
943 3331 1049 3405 super
1071 3305 1201 3404 quibus
1223 3305 1365 3404 praediis

306 3414 508 3513 hujusmodi
522 3423 711 3496 consusvel
723 3423 883 3496 redditus
894 3423 1075 3495 constituti
1088 3421 1223 3510 sorent3
1237 3418 1364 3491 eadem

306 3535 412 3611 otium
430 3538 560 3637 prudiu
578 3564 641 3640 per
653 3540 813 3613 confines
827 3565 931 3638 agros
948 3537 1170 3636 designando
1183 3552 1289 3634 atque
1306 3537 1366 3609 de·

306 3652 488 3729 ciuruudu.
509 3656 544 3729 Si
564 3657 625 3754 qui
642 3670 761 3730 autom
778 3670 894 3728 esseut
912 3657 972 3754 qui
990 3655 1286 3727 denuntiamenta
1300 3677 1365 3726 sua

306 3798 366 3844 suu
379 3770 637 3846 decimationes
649 3774 739 3847 inira
752 3773 933 3873 prolixum
948 3774 1170 3865 terminum¹‚
1183 3770 1249 3843 sub
1260 3771 1366 3842 dictis

308 3886 417 3959 ruodo
440 3902 471 3959 ot
492 3887 624 3978 formu,
644 3889 791 3962 minime
813 3890 1012 3979 traderent,
1032 3886 1227 3962 mandabat
1242 3887 1365 3957 omnia

350 4098 376 4153 1.
400 4098 439 4152 (lu
462 4108 552 4155 turum
572 4096 640 4156 unu
661 4094 730 4156 d’uu
753 4116 800 4155 au.
828 4099 1026 4153 Ordommnces
1045 4097 1095 4155 des
1114 4101 1170 4150 mis
1188 4095 1225 4150 de
1243 4095 1365 4165 stante,

308 4194 328 4243 ι.
348 4186 424 4255 stt.
440 4204 469 4265 p.
486 4187 535 4246 ut.
