3272 5182
358 559 417 616 262
629 557 886 616 HISTORIARU'M
906 557 1085 614 LUDOVICI
1105 557 1148 613 XI

361 705 430 778 tus,
460 689 499 760 in
525 687 678 787 patriam
708 705 835 780 suam,
852 687 1084 785 tranquillam
1104 701 1140 758 et
1165 704 1343 787 pacatam,
1371 692 1425 762 in·

360 804 477 894 vexit;
495 803 654 876 secundo
672 803 719 875 ab
747 800 876 874 eodem
895 802 1083 895 Edoardo,
1108 830 1232 902 quem,
1250 807 1361 878 veluti
1378 806 1425 879 de

360 922 516 993 Henrico
534 921 682 1008 fecerat,
701 918 899 1017 proditorie
917 920 1026 992 etiam
1043 945 1154 1016 regno
1169 923 1350 1020 satagebat
1366 924 1425 996 de-

360 1038 519 1130 turbare,
548 1035 671 1132 Anglia
686 1033 823 1133 pulsus,
847 1033 1057 1130 hujusmodi
1074 1037 1195 1111 civiles
1211 1039 1421 1130 discordias,

360 1155 398 1225 in
417 1150 530 1225 Gallia
538 1151 614 1248 jam
624 1150 758 1249 sopitas
773 1163 809 1222 et
822 1175 922 1248 paene
937 1153 1138 1242 exstinctas,
1151 1155 1224 1226 suis
1233 1159 1425 1230 venenosis

359 1269 495 1343 artibus
511 1283 618 1366 atque
634 1265 900 1366 proditionibus
920 1267 1050 1340 iterum
1076 1271 1255 1342 excitavit.
1283 1271 1424 1360 Quibus

355 1389 431 1484 jam
457 1385 614 1459 excitatis
647 1399 683 1456 et
711 1383 887 1457 redivivas
912 1385 985 1458 suis
1012 1386 1176 1458 nefandis
1209 1387 1425 1465 factionibus

359 1504 453 1578 vires
480 1499 762 1588 resumentibus,
782 1500 992 1573 earumdem
1012 1501 1105 1576 faces
1131 1504 1260 1576 iterum
1285 1508 1323 1578 in
1349 1512 1423 1578 An-

360 1621 467 1718 gliam
484 1642 605 1691 secum
620 1617 703 1689 tulit
717 1643 759 1690 ex
778 1617 909 1708 Gallia;
929 1617 1143 1714 quibuscum
1160 1622 1327 1697 incendia
1342 1651 1425 1723 per-

359 1735 594 1809 niciosissima
623 1733 694 1804 illic
722 1733 958 1826 accendisset,
979 1734 1190 1833 pejoraque,
1209 1737 1278 1810 uisi
1303 1740 1425 1814 divina

345 1852 530 1927 adfuisset
543 1849 763 1949 propitiatio,
781 1874 885 1944 agere
897 1851 1096 1924 moliretur.
1115 1852 1248 1925 Eadem
1268 1858 1339 1930 suis
1352 1883 1425 1931 sce·

361 1968 495 2043 leribus
514 1965 664 2039 modum
680 1967 883 2065 imponens,
903 1993 950 2039 ne
967 1968 1115 2042 ulterius
1131 1971 1168 2042 in
1184 1971 1425 2070 plurimorum

363 2084 559 2184 perniciem
576 2095 683 2178 atque
695 2079 859 2156 exsilium
877 2082 1177 2178 diffunderentur,
1191 2113 1317 2186 poenas
1326 2091 1372 2165 de
1380 2117 1424 2166 eo

356 2200 568 2298 justissimas
584 2198 746 2297 sumpsit,
770 2199 960 2296 ipsumque
977 2201 1154 2273 exstinxit.
1179 2205 1244 2276 Cui
1262 2207 1426 2305 profecto

360 2317 450 2392 illud
465 2317 715 2418 propheticum
732 2318 1068 2392 convenientissime
1090 2324 1250 2421 coaptari
1272 2340 1391 2424 potest
1413 2355 1421 2398 ε

365 2465 382 2501 α
403 2432 486 2506 Vidi
513 2433 665 2530 impium
691 2431 883 2505 exaltatum
911 2447 947 2504 et
971 2432 1149 2507 elevatum
1179 2437 1270 2510 sicut
1296 2441 1425 2514 cedros

267 2607 269 2612 .
361 2550 489 2623 Libani
509 2577 516 2620 :
537 2550 699 2639 nansivi,
717 2564 752 2622 et
768 2575 851 2622 ecce
867 2575 941 2621 non
957 2567 1048 2645 erat;
1067 2553 1212 2650 quaesivi
1231 2569 1267 2626 et
1282 2573 1427 2630 nonest

361 2669 529 2740 inventus
552 2665 654 2740 locus
677 2667 764 2763 ejus.
785 2697 803 2733 ›>
818 2670 1035 2764 Quanquam
1055 2681 1174 2741 autem
1196 2670 1274 2743 talis
1297 2698 1426 2772 puguae

362 2785 457 2857 illius
478 2797 514 2856 et
536 2781 622 2854 dicti
647 2788 699 2854 W
697 2782 816 2853 article
840 2782 952 2854 exitus
974 2796 1082 2880 atque
1102 2784 1185 2858 finis
1206 2787 1314 2861 rebus
1332 2794 1427 2862 Hen-

362 2901 440 2991 rici,
473 2900 535 2998 qui
557 2899 632 2994 jam
659 2899 716 2994 (ut
743 2897 912 2995 diximus)
939 2900 976 2970 in
1003 2901 1244 2998 captivitatem
1267 2905 1427 2980 reclusus

364 3016 485 3089 denuo
504 3028 593 3105 erat,
609 3014 784 3088 infaustus
798 3039 874 3085 non
885 3039 1014 3112 parum
1027 3015 1133 3089 fuerit
1149 3045 1158 3090 ε
1177 3020 1252 3117 qui,
1265 3023 1296 3093 si
1311 3023 1428 3094 victor

365 3134 440 3230 ipse
457 3130 624 3202 Warvicft
639 3132 818 3219 evasisset,
836 3154 980 3228 sperare
996 3147 1138 3230 poterat
1152 3161 1257 3234 posse
1272 3139 1368 3211 illico
1388 3166 1426 3214 se

366 3248 570 3345 captivitate
593 3244 731 3318 absolsi
759 3260 795 3317 et
816 3247 1136 3345 eripi31uctuosns
1158 3268 1279 3326 tamen
1304 3255 1428 3354 hujus·

366 3364 467 3436 modi
501 3363 689 3436 infortunii
725 3377 874 3436 eventus
902 3378 1097 3466 utcumque
1132 3370 1238 3444 solari
1262 3388 1424 3472 poterat,

365 3481 466 3580 quod
482 3480 529 3553 de
545 3479 606 3552 illo
624 3479 849 3577 iniquissimo
864 3481 1052 3580 proditore
1068 3511 1106 3558 se
1133 3484 1249 3559 ultum
1266 3488 1424 3584 videbat,

364 3601 427 3700 qui
448 3625 519 3672 suae
532 3601 641 3673 totius
659 3599 869 3674 calamitatis
886 3617 921 3675 et
945 3603 1155 3701 dejectionis
1176 3625 1302 3682 auctor
1317 3626 1426 3710 atque

366 3718 531 3790 incentor
560 3718 759 3791 exstitisset.
803 3718 873 3792 Sed
907 3745 980 3794 non
1010 3736 1156 3796 eatenus
1189 3751 1254 3799 sua
1281 3727 1426 3805 fortuna

365 3835 572 3933 conquievit
597 3850 658 3908 aut
674 3837 841 3909 aerumnis
863 3837 1034 3938 imposuit
1056 3839 1188 3932 finem3
1213 3865 1299 3918 nam
1315 3847 1425 3946 paulo

363 3967 464 4051 post,
500 3950 606 4050 louge
626 3967 661 4025 et
690 3955 831 4050 gravior
847 3954 1149 4055 infelicissimique
1172 3965 1319 4035 materia
1341 3989 1426 4061 pro-

366 4069 465 4139 venit
481 4065 609 4138 luctus.
