3402 5186
672 505 781 562 LIBER
802 505 953 569 PRIMUS·
1040 547 1041 552 κ
1307 515 1344 572 st

279 646 488 734 querentur,
511 633 559 708 ab
582 635 658 708 aliis
681 637 779 734 plus,
803 637 849 710 ab
872 638 950 712 aliis
973 641 1111 736 minus,
1136 667 1220 714 cum
1239 643 1346 716 etiam

278 752 363 850 ipsae
379 749 474 847 leges
489 748 610 822 civiles
625 753 875 826 Romanorum
888 753 1067 830 affirment
1081 771 1187 830 tantae
1205 761 1347 832 temeri-

279 868 362 940 tatis
381 881 416 939 et
440 866 597 942 audaciae
616 892 692 942 esse
716 870 831 942 solere
851 869 1129 969 publicanorum
1153 873 1344 969 factiones,

280 997 321 1054 ut
331 1007 440 1056 nemo
454 982 565 1056 lerme
577 984 621 1056 sit
632 986 695 1083 qui
709 985 747 1058 id
762 986 909 1059 nesciat.
925 986 997 1060 Sed
1010 1003 1107 1062 certe
1120 990 1229 1062 nimis
1242 989 1348 1090 longe

280 1124 300 1176 a
331 1100 479 1173 veritate
511 1100 672 1200 praedicti
703 1101 941 1193 aberrabant,
979 1105 1222 1185 existimantes
1249 1105 1349 1204 quod

280 1217 326 1290 ad
350 1233 485 1292 tantam
505 1243 702 1311 summam,
726 1236 868 1318 quantae
886 1221 1134 1295 remissionem
1151 1222 1347 1314 faciebant,

280 1335 491 1433 hujusmodi
517 1336 725 1410 officialium
759 1338 930 1437 rapinulae
956 1353 1103 1438 possent
1132 1340 1347 1435 ascendere,

280 1451 452 1549 quodque
482 1477 566 1524 cum
597 1451 837 1525 diminutione
864 1478 1111 1549 summarum,
1142 1455 1190 1530 de
1219 1456 1351 1554 quibus

281 1565 517 1666 provinciales
550 1567 661 1640 levari
694 1583 903 1669 sperarant,
936 1568 983 1641 ad
1013 1570 1209 1668 integram,
1239 1597 1349 1670 quam

282 1679 551 1780 desponderant
567 1683 661 1780 regi,
680 1684 916 1781 quantitatem
933 1699 1081 1782 possent
1097 1688 1296 1783 pervenire.

330 1798 451 1892 Unde,
476 1814 669 1899 postquam
695 1815 766 1872 tam
796 1799 1028 1874 collectarum
1055 1801 1127 1874 sive
1153 1803 1350 1897 talliarum,

283 1937 392 2014 quam
410 1914 683 2012 quadrimarum
705 1930 741 1988 et
761 1915 978 2014 gabellarum
1001 1915 1102 2006 salis,
1123 1918 1245 1990 animo
1265 1944 1353 1993 con·

281 2043 403 2129 ceptas
420 2044 455 2103 et
472 2031 682 2130 imaginatas
698 2057 922 2106 summarum
939 2033 1197 2108 diminutiones
1217 2061 1282 2135 per
1298 2050 1354 2108 to-

283 2163 356 2221 tam
379 2147 585 2222 eiluderunt
606 2166 714 2247 atque
735 2149 965 2250 publicarunt
986 2152 1229 2249 provinciam,
1251 2178 1352 2227 man·

282 2265 409 2340 dantes
437 2265 730 2361 vicecomitibus,
759 2268 823 2365 qui
850 2266 977 2340 fiscum
1008 2268 1232 2341 ordinarium
1261 2269 1354 2367 regis

282 2382 450 2480 colligere
488 2399 768 2486 consueverant,
800 2397 976 2481 quatenus
1006 2382 1108 2480 juxta
1143 2398 1292 2456 statutas
1319 2398 1355 2457 et

283 2499 487 2574 moderatas
513 2525 587 2600 per,
604 2501 702 2600 ipsos
721 2523 880 2572 summas
904 2497 1154 2572 collectionem
1176 2499 1350 2590 lacerent,

282 2616 481 2716 suppressis
492 2615 637 2714 penitus
652 2627 687 2686 et
702 2613 844 2687 abolitis
859 2627 965 2711 atque
978 2637 1046 2712 pro
1057 2626 1221 2712 tempore
1237 2615 1355 2710 quies-

283 2732 447 2806 centibus
462 2729 632 2804 omnibus
644 2727 856 2802 officialibus
867 2729 1100 2821 tributorum,
1115 2729 1177 2826 qui
1189 2731 1353 2829 proxime

283 2864 367 2935 ante
387 2873 473 2920 curn
495 2848 660 2918 maximis
685 2846 857 2946 impensis
882 2860 917 2917 et
936 2842 1122 2917 laboribus
1144 2841 1354 2940 hujusmodi

284 2944 403 3039 officia
420 2989 441 3036 a
458 2989 540 3061 rege
562 2987 659 3034 novo
676 2955 992 3062 impetraraut¹....
1017 2965 1086 3032 Pro
1103 2958 1354 3056 hujuscemodi

283 3095 404 3155 autem
417 3078 595 3152 mandatis
607 3104 648 3152 ac
663 3103 816 3151 onerum
828 3078 1085 3169 minoratione,
1100 3076 1226 3172 ingens
1237 3075 1354 3151 laetitia

284 3220 349 3296 per
362 3195 565 3268 universam
576 3193 799 3294 provinciam
811 3193 1027 3293 simplicium
1040 3189 1201 3292 plebium
1214 3191 1355 3265 animos

268 3311 416 3405 allecit,
427 3309 528 3410 quod
544 3325 681 3384 tantam
695 3313 947 3410 pecuniarum,
962 3333 1050 3409 quas
1061 3307 1267 3407 dependere
1278 3333 1355 3408 per·

285 3444 367 3502 ante
383 3429 479 3501 soliti
496 3441 631 3518 essent,
651 3427 781 3500 factam
798 3442 948 3527 repente
964 3426 1129 3500 viderent
1145 3425 1355 3500 diminutio·

285 3569 387 3637 ncm,
414 3544 647 3640 sublatosque
673 3558 865 3617 consuetos
889 3543 1102 3643 publicanos
1126 3535 1162 3615 et
1185 3541 1355 3616 olliciales

285 3663 479 3763 impiarum
506 3663 754 3753 exactionum,
774 3686 867 3759 quos
884 3659 1018 3734 eisdem
1040 3660 1199 3760 impositi
1221 3661 1354 3758 gravis·
1462 3682 1470 3701 ·

286 3779 368 3854 simi
389 3781 509 3854 oneris
530 3806 658 3855 eorum
682 3780 879 3853 ministerio
900 3778 1045 3880 pondus
1064 3780 1170 3852 simul
1193 3792 1229 3852 et
1248 3779 1355 3852 variae

285 3898 542 3970 concussiones
558 3896 718 3994 dolique,
732 3895 876 3969 fraudes
889 3911 925 3968 et
941 3896 1074 3998 rapinae
1087 3895 1233 3970 odiosos
1245 3909 1353 3992 atque
1455 3985 1461 4000 Ι

286 4013 422 4086 invisos
438 4015 591 4088 maxime
607 4012 851 4086 reddiderant.

334 4283 362 4340 t.
384 4282 426 4338 Le
440 4297 506 4338 sens
519 4288 595 4340 reste
611 4277 684 4338 ainsi
697 4275 844 4358 suspendu
859 4275 930 4337 dans
944 4275 972 4335 le
986 4295 1041 4337 rus.
1104 4281 1109 4288 '
