3384 5184
608 561 718 618 LIBER
735 561 938 622 SECUNDUS.
1246 561 1304 620 12³

243 691 396 787 regiam,
424 690 461 760 in
489 713 562 786 qua
589 714 650 761 rex
677 705 773 781 erat,
802 706 838 764 et
866 694 1070 767 transmissa
1098 694 1304 788 Sequana¹,

243 826 358 884 castra
374 833 439 884 sua
455 811 584 884 locavit
601 835 723 886 comes
741 812 787 886 de
803 813 988 885 Char-olom
1001 837 1114 915 prope
1133 827 1308 884 monaste·

243 929 337 999 rium
360 927 652 1020 Sancti-Mauri¹,
683 951 782 1001 more
811 929 915 1026 periti
936 930 1110 1001 exercitus
1135 929 1236 1000 ducis
1265 949 1308 999 ea
1405 949 1410 958 ·

243 1041 336 1114 vallo
366 1055 402 1112 et
430 1041 613 1132 curribus,
636 1066 728 1139 quos
753 1043 928 1141 plurimos
957 1031 1131 1132 habebat,
1161 1037 1310 1113 solerter

243 1157 507 1228 communiens.
540 1161 622 1228 Dux
649 1181 736 1230 vero
763 1159 951 1230 Britonum
986 1183 1070 1230 oum
1096 1158 1169 1228 suis
1195 1157 1309 1255 copiis

243 1269 364 1341 villam
379 1269 678 1367 Sancti-Dionysii
695 1293 763 1368 pro
778 1271 903 1341 castris
918 1269 1092 1360 habebat3
1115 1270 1174 1340 cui
1197 1269 1309 1340 socia-

242 1386 376 1458 bantur
391 1384 450 1456 atii
467 1386 664 1485 principes,
687 1409 778 1484 saepe
794 1410 837 1457 ex
855 1385 934 1458 aliis
951 1385 1082 1460 adalia
1101 1409 1174 1457 suae
1190 1384 1310 1456 lactio-

241 1501 298 1572 nis
310 1515 425 1573 castra
446 1514 682 1574 transeuntes.
700 1502 801 1573 Vires
817 1517 938 1572 tamen
960 1515 995 1572 et
1014 1502 1176 1599 potentia
1198 1501 1310 1598 majo·

244 1639 301 1688 res
321 1615 439 1692 multo
455 1617 492 1687 in
509 1616 634 1689 castris
649 1631 684 1688 et
707 1617 864 1688 exercitu
889 1617 1030 1688 comitis
1051 1615 1098 1688 de
1127 1611 1316 1687 Charolois'

245 1745 361 1804 erant.
455 1715 458 1721 ⁸

293 1849 375 1918 Erat
405 1847 526 1944 itaque
542 1871 603 1918 rex
620 1847 712 1918 intra
734 1845 863 1920 urbem
893 1869 994 1917 suam
1020 1846 1169 1942 regiam,
1189 1843 1310 1916 multis

200 2047 203 2052 ¹
244 1976 464 2036 armatorum
480 1962 628 2061 stipatus
649 1962 822 2053 millibus;
846 1963 1026 2062 principes
1041 1986 1128 2035 vero
1151 1960 1310 2061 praedicti

243 2066 287 2150 err
310 2101 383 2149 una
406 2092 546 2150 tanturn
573 2078 731 2150 fluminis
761 2094 862 2178 parte
891 2095 1008 2168 castra
1037 2080 1161 2152 metati
1190 2093 1306 2151 erant.

244 2198 336 2266 Cum
359 2193 491 2292 quibus
516 2194 563 2266 ad
589 2209 769 2266 certamen
798 2196 990 2293 congredi,
1013 2197 1122 2294 signis
1149 2196 1305 2285 collatis,

243 2335 311 2382 nec
331 2311 560 2402 consultum,
579 2334 646 2382 nec
664 2311 747 2382 satis
764 2324 880 2383 tutum
897 2312 965 2386 sibi
986 2337 1047 2384 rex
1071 2311 1306 2384 existimabat.

243 2431 436 2500 Nutantem
453 2427 552 2498 enim
568 2425 765 2497 multorum
779 2425 888 2498 fidem
905 2443 979 2500 erat
995 2443 1183 2525 expertum
1203 2427 1309 2525 longe

244 2541 527 2641 complurium,
556 2565 623 2613 nec
650 2554 847 2612 mutantem
872 2542 1042 2639 quidem,
1061 2543 1123 2614 sed
1143 2544 1311 2642 principi·

244 2659 315 2731 bus
339 2658 468 2730 aflectu
494 2655 737 2730 adhaerentem
757 2657 841 2728 satis
858 2658 1085 2755 suspicatus:
1115 2658 1309 2755 praesertim

245 2777 295 2848 ob
320 2775 436 2848 lratris
458 2775 513 2845 sui
539 2774 765 2872 praesentiam
782 2773 864 2872 qui,
885 2773 935 2844 ob
959 2772 996 2843 id
1012 2772 1114 2870 quod
1131 2773 1309 2871 quodam-

244 2891 356 2964 modo
375 2892 412 2964 in
438 2913 503 2962 sua
525 2890 665 2988 egregia
682 2888 807 2962 indole
832 2889 943 2990 patris
960 2888 1134 2960 referebat
1150 2888 1308 2987 pruden-

243 3007 329 3080 tiam
345 3021 382 3080 et
397 3006 625 3104 gravitatem,
645 3003 776 3077 charus
793 3003 992 3076 admodum
1009 3003 1171 3102 plurimis
1197 3001 1310 3076 habe·

243 3122 361 3197 batur.

294 3249 417 3317 Fertur
433 3243 539 3316 etiam
565 3242 666 3340 quod
694 3241 817 3314 omnia
844 3265 905 3312 rex
934 3253 1053 3338 ageret
1081 3265 1124 3312 ex
1145 3239 1309 3312 consulto

245 3359 461 3448 Francisci³‚
482 3373 569 3432 tunc
584 3357 858 3430 Mediolanensis
876 3357 994 3450 ducis,
1014 3358 1081 3429 viri
1096 3382 1215 3429 rerum
1236 3356 1310 3430 bel·

243 3476 394 3550 licarum
413 3490 468 3566 et,
489 3499 568 3572 quae
594 3475 630 3546 in
647 3474 785 3546 eisdem
805 3473 913 3546 rebus
939 3497 1031 3572 saepe
1054 3474 1241 3572 practicari
1258 3499 1311 3546 as·

244 3592 377 3682 solent,
408 3604 698 3688 stratagematum
726 3589 852 3688 procul
881 3587 995 3660 dubio
1020 3591 1253 3686 expertissimi
1275 3603 1311 3662 et
1345 3641 1349 3650 -

285 3857 315 3914 l.
333 3851 358 3914 tt
372 3851 498 3914 faudrait
510 3857 648 3913 Matrona
660 3873 698 3912 au
709 3853 769 3912 lieu
781 3852 818 3912 de
832 3853 976 3928 Sequana.
990 3849 1175 3929 L’opdration
1190 3849 1230 3908 dn
1244 3867 1311 3926 pas·

245 3961 313 4024 sege
329 3940 366 4001 de
380 3941 408 4000 la
421 3943 507 4003 Scine
520 3943 589 4002 tuit
601 3943 665 4018 deit
682 3941 822 4001 ancienne
833 3953 862 3998 et
875 3939 942 3998 faite
957 3939 1017 3998 loin
1030 3940 1067 3998 de
1081 3940 1173 4002 Paris.
1186 3937 1248 3996 Elle
1260 3949 1310 3996 eut

243 4032 302 4092 lieu
315 4033 344 4092 le
360 4036 378 4092 t
391 4035 459 4092 aeut
473 4037 490 4092 l
503 4037 608 4096 Moret.
621 4037 662 4092 La
675 4035 776 4090 Marne
792 4029 835 4088 sut
848 4029 948 4110 passer
963 4030 991 4090 le
1004 4033 1043 4089 20
1055 4032 1125 4090 aodt
1138 4050 1176 4089 eu
1189 4039 1261 4109 pont
1272 4027 1310 4088 de

243 4121 420 4183 Charenton.
434 4121 555 4202 leuglet
567 4122 741 4197 Dusresnoy,
761 4123 927 4194 commines,
943 4133 963 4180 t.
980 4124 1020 4192 ΙΙ,
1036 4141 1066 4199 p.
1084 4122 1153 4178 ttt.
1242 4103 1249 4128 '

284 4215 313 4272 2.
335 4216 358 4270 Α
375 4209 557 4270 Sciat-Maur
570 4209 612 4269 les
625 4209 737 4270 Posses.

284 4304 313 4361 3.
336 4299 474 4378 Francois
489 4299 599 4361 Slorce.
616 4303 689 4375 Voy.
706 4296 865 4373 ci-dessus‚
884 4319 913 4378 p.
931 4301 980 4360 95.
