3384 5184
603 545 713 602 moult
733 545 933 604 SECUNDUS.
1239 547 1295 604 tta

239 701 305 777 pro
331 675 462 775 quibus
485 677 617 763 etiam,
648 673 694 746 ad
721 678 819 747 eam¹
846 674 953 772 digne
982 675 1230 766 referendam,
1258 701 1295 750 se

238 796 358 868 minus
374 792 588 868 sufficientes
609 791 813 864 ducebant?
841 794 953 881 Quis,
982 794 1150 891 inquam,
1178 793 1297 864 existi-

238 935 336 982 mare
359 933 518 1007 unquam
544 922 683 1006 posset,
708 907 808 1005 quod
828 907 958 981 talibus
975 909 1154 1004 tantisque
1168 907 1295 980 officiis

238 1041 344 1122 atque
371 1024 552 1097 beneficiis
570 1023 757 1123 praeventi,
782 1038 887 1095 tantae
913 1022 1070 1124 perfidiae
1092 1037 1128 1094 et
1151 1023 1296 1120 ingrati·

237 1141 391 1235 tudinis,
416 1142 490 1212 imo
512 1141 707 1212 saevissimae
731 1153 768 1212 et
795 1139 1047 1212 abominandae
1074 1138 1295 1213 crudelitatis

235 1256 349 1330 vicem
377 1254 574 1353 rependere
601 1249 825 1326 voluissent?
851 1255 951 1326 Certe
971 1254 1092 1326 nullus
1117 1277 1224 1345 sana,
1255 1268 1296 1325 ut

231 1372 435 1462 credimus,
460 1386 580 1443 mente
604 1369 641 1442 id
661 1368 851 1442 verisimile
875 1394 1036 1467 unquam
1053 1371 1291 1460 existimaret,

233 1501 443 1582 tantumque
471 1511 492 1558 a
509 1510 596 1558 vero
615 1484 797 1574 abhorret,
815 1498 856 1556 ut
879 1483 998 1583 [aliud
1015 1483 1159 1577 credat,
1184 1509 1295 1583 qnam

232 1602 355 1701 quod]
379 1604 604 1702 exploratum
620 1601 905 1698 solidissimeque
920 1615 1148 1700 compertum
1163 1601 1293 1675 habui-

233 1743 310 1790 mus
320 1723 343 1811 ¹,
364 1718 452 1790 nulli
469 1717 637 1816 [scilicet]
654 1718 817 1790 omniurn
837 1717 1041 1788 mortalium
1061 1717 1289 1817 principum,

231 1848 311 1932 post
329 1833 458 1906 ducem
479 1859 601 1926 suum,
630 1835 725 1906 cives
745 1832 1048 1931 Rothomagenses
1072 1848 1290 1931 caeterosque

100 2001 105 2010 -
231 1974 356 2042 omnes
377 1949 613 2049 provinciales
630 1949 710 2048 plus
723 1948 875 2020 honoris
889 1963 995 2046 atque
1009 1948 1288 2040 benevolentia,

230 2089 340 2162 quarn
359 2081 445 2137 tunc
460 2066 528 2164 ipsi
547 2068 734 2138 Britonum
751 2064 836 2136 duci
861 2065 912 2162 (si
933 2088 1008 2136 non
1028 2064 1236 2163 iniquorum
1255 2079 1291 2138 ct

229 2206 423 2282 pravorum
434 2182 625 2255 satellitum
636 2182 958 2273 circumventione,
978 2183 1060 2254 itaa
1075 2196 1174 2255 recto
1191 2207 1288 2282 coep·

228 2311 340 2396 toque
356 2297 543 2372 deiecisset
557 2300 698 2396 itinere)
717 2298 855 2372 deserre
871 2297 1040 2370 voluisse.

276 2414 346 2486 Sed
362 2429 398 2488 et
414 2438 489 2485 non
504 2439 631 2513 parum
648 2415 820 2487 miramur
836 2413 882 2484 de
898 2438 1026 2485 eorum
1042 2413 1285 2486 inconsidera-

228 2531 326 2602 tione
340 2530 403 2628 qui
414 2530 468 2602 vel
486 2530 567 2602 talia
580 2529 843 2628 improbissime
853 2528 1072 2630 confingere,
1086 2528 1143 2602 vel
1158 2529 1286 2602 talibus

226 2645 425 2717 vanissimis
448 2644 625 2741 figmentis
641 2642 751 2714 fidem
767 2646 1043 2718 accommodare
1066 2658 1282 2744 potuerunt,

227 2784 331 2847 cum,
360 2762 485 2859 procul
511 2759 644 2851 dubio,
670 2774 785 2833 tantas
802 2774 1024 2832 armatorum
1047 2760 1170 2858 copias
1187 2758 1284 2832 idem

225 2875 297 2948 dux
321 2876 442 2949 adbuc
467 2901 588 2950 secum
610 2875 777 2967 haberet,
801 2901 900 2975 quae,
928 2874 990 2948 ubi
1015 2875 1086 2948 hoc
1108 2889 1283 2950 attentare

225 2990 529 3090 Rotbomagenses
544 2991 759 3084 voluissent,
777 3017 852 3064 non
871 2991 982 3065 modo
996 3017 1033 3064 se
1051 2991 1145 3065 tueri
1159 3016 1181 3064 a
1198 2991 1285 3066 civi·

225 3105 312 3200 bus,
333 3109 397 3180 sed
416 3110 524 3182 etiam
541 3108 670 3180 urbem
680 3165 689 3201 ,
713 3109 749 3180 in
768 3133 879 3207 quam
894 3111 944 3182 eis
960 3108 1050 3181 liber
1066 3107 1209 3207 patebat
1231 3110 1283 3180 in·

224 3247 375 3318 gressus,
396 3225 638 3298 coarctatione
659 3240 880 3298 armatorum
910 3238 945 3298 et
965 3224 1129 3322 subigere
1155 3224 1221 3296 sibi
1249 3239 1284 3297 et

223 3338 396 3439 diripere,
427 3341 563 3440 absque
583 3341 840 3430 reluctatione,
867 3343 1079 3441 potuissent.
1108 3342 1283 3416 Fatiscant

221 3455 328 3551 igitur
342 3456 563 3556 perfidorum
581 3471 616 3530 et
638 3457 995 3531 mendacissimorum
1010 3457 1201 3530 hominum
1217 3456 1283 3530 lin·

221 3595 316 3666 guae‚
338 3575 422 3670 qui,
442 3572 571 3646 talibus
589 3575 756 3664 inventis,
774 3597 877 3646 suam
896 3588 1014 3670 tegere
1030 3574 1280 3671 ignominiam,

221 3699 258 3756 et
291 3688 436 3784 optimis
462 3701 569 3785 atque
596 3689 854 3761 honestissimis
883 3689 1015 3760 civium
1039 3690 1201 3762 moribus
1228 3703 1281 3760 ta-

220 3805 309 3877 lium
334 3806 587 3904 figmentorum
618 3809 765 3882 nebulas
797 3808 980 3882 salsissime
1006 3809 1188 3883 obducere
1218 3833 1281 3880 co-

221 3921 295 3992 nati
320 3935 418 4008 sunt,
446 3938 481 3995 et
504 3947 584 4016 eos,
617 3926 775 3998 insontes
805 3939 912 4022 atque
943 3926 1279 4013 innocentissimos,

220 4051 294 4110 tam
310 4039 441 4110 atrocis
462 4039 603 4112 sceleris
622 4040 884 4140 compositione
900 4043 977 4115 ausi
993 4059 1076 4116 sunt
1093 4043 1279 4115 infamare.

261 4206 291 4260 l.
313 4201 454 4282 Supplcez
466 4206 601 4282 gratiam.

259 4293 287 4352 2.
311 4291 473 4352 Habeamus
487 4292 559 4352 dans
574 4291 603 4354 le
616 4312 666 4352 ms
