<?xml version="1.0" encoding="UTF-8"?>
<!DOCTYPE html PUBLIC "-//W3C//DTD XHTML 1.0 Transitional//EN"
    "http://www.w3.org/TR/xhtml1/DTD/xhtml1-transitional.dtd">
<html xmlns="http://www.w3.org/1999/xhtml" xml:lang="en" lang="en">
 <head>
  <title>
</title>
<meta http-equiv="Content-Type" content="text/html;charset=utf-8" />
  <meta name='ocr-system' content='tesseract 3.04.00' />
  <meta name='ocr-capabilities' content='ocr_page ocr_carea ocr_par ocr_line ocrx_word'/>
</head>
<body>
  <div class='ocr_page' id='page_1' title='image "./histoiredesrgne02amelgoog_0570.png"; bbox 0 0 3322 5172; ppageno 0'>
   <div class='ocr_carea' id='block_1_1' title="bbox 1219 350 1269 418">
    <p class='ocr_par' dir='ltr' id='par_1_1' title="bbox 1219 350 1269 418">
     <span class='ocr_line' id='line_1_1' title="bbox 1219 350 1269 377; baseline 0.04 -2"><span class='ocrx_word' id='word_1_1' title='bbox 1219 350 1269 377; x_wconf 63' lang='lat' dir='ltr'><strong>ru</strong></span> 
     </span>
     <span class='ocr_line' id='line_1_2' title="bbox 1246 388 1263 418; baseline 0 -3"><span class='ocrx_word' id='word_1_2' title='bbox 1246 388 1263 418; x_wconf 63' lang='grc'><strong><em>1</em></strong></span> 
     </span>
    </p>
   </div>
   <div class='ocr_carea' id='block_1_2' title="bbox 607 581 1287 733">
    <p class='ocr_par' dir='ltr' id='par_1_2' title="bbox 607 581 1287 733">
     <span class='ocr_line' id='line_1_3' title="bbox 607 581 1287 674; baseline 0.009 -38"><span class='ocrx_word' id='word_1_3' title='bbox 607 581 909 674; x_wconf 76' lang='lat' dir='ltr'><strong>ununourqrus</strong></span> <span class='ocrx_word' id='word_1_4' title='bbox 974 635 977 640; x_wconf 87' lang='grc'><em>,</em></span> <span class='ocrx_word' id='word_1_5' title='bbox 1228 587 1287 643; x_wconf 79' lang='lat' dir='ltr'><strong>nr</strong></span> 
     </span>
     <span class='ocr_line' id='line_1_4' title="bbox 1054 691 1114 733; baseline 0.067 -4"><span class='ocrx_word' id='word_1_6' title='bbox 1054 691 1114 733; x_wconf 54' lang='lat' dir='ltr'><strong>ra:</strong></span> 
     </span>
    </p>
   </div>
   <div class='ocr_carea' id='block_1_3' title="bbox 568 834 939 910">
    <p class='ocr_par' dir='ltr' id='par_1_3' title="bbox 568 834 939 910">
     <span class='ocr_line' id='line_1_5' title="bbox 568 834 939 910; baseline 0.016 -7"><span class='ocrx_word' id='word_1_7' title='bbox 568 834 823 908; x_wconf 77' lang='lat' dir='ltr'><strong>ctPtTULUM</strong></span> <span class='ocrx_word' id='word_1_8' title='bbox 847 841 939 910; x_wconf 88' lang='lat' dir='ltr'><strong>Xlll.</strong></span> 
     </span>
    </p>
   </div>
   <div class='ocr_carea' id='block_1_4' title="bbox 229 1022 1461 1104">
    <p class='ocr_par' dir='ltr' id='par_1_4' title="bbox 229 1022 1461 1104">
     <span class='ocr_line' id='line_1_6' title="bbox 229 1022 1461 1104; baseline 0.01 -24"><span class='ocrx_word' id='word_1_9' title='bbox 229 1027 316 1092; x_wconf 77' lang='lat' dir='ltr'><strong>Quam</strong></span> <span class='ocrx_word' id='word_1_10' title='bbox 327 1025 393 1078; x_wconf 84' lang='lat' dir='ltr'><strong>varii</strong></span> <span class='ocrx_word' id='word_1_11' title='bbox 403 1043 523 1080; x_wconf 82' lang='lat' dir='ltr'><strong>rumores</strong></span> <span class='ocrx_word' id='word_1_12' title='bbox 534 1039 590 1080; x_wconf 92' lang='lat' dir='ltr'><strong>tum</strong></span> <span class='ocrx_word' id='word_1_13' title='bbox 603 1028 637 1082; x_wconf 86' lang='lat' dir='ltr'><strong>de</strong></span> <span class='ocrx_word' id='word_1_14' title='bbox 650 1043 749 1101; x_wconf 87' lang='lat' dir='ltr'><strong>morte,</strong></span> <span class='ocrx_word' id='word_1_15' title='bbox 761 1044 818 1085; x_wconf 91' lang='lat' dir='ltr'><strong>tum</strong></span> <span class='ocrx_word' id='word_1_16' title='bbox 836 1022 870 1086; x_wconf 85' lang='lat' dir='ltr'><strong>dc</strong></span> <span class='ocrx_word' id='word_1_17' title='bbox 884 1031 938 1086; x_wconf 84' lang='lat' dir='ltr'><strong>vita</strong></span> <span class='ocrx_word' id='word_1_18' title='bbox 952 1030 1028 1086; x_wconf 78' lang='lat' dir='ltr'><strong>ducis</strong></span> <span class='ocrx_word' id='word_1_19' title='bbox 1041 1033 1201 1104; x_wconf 74' lang='lat' dir='ltr'><strong>Burgundim</strong></span> <span class='ocrx_word' id='word_1_20' title='bbox 1215 1023 1300 1098; x_wconf 46' lang='lat' dir='ltr'><strong>erric-¹</strong></span> <span class='ocrx_word' id='word_1_21' title='bbox 1392 1070 1399 1086; x_wconf 87' lang='lat'><strong>·</strong></span> <span class='ocrx_word' id='word_1_22' title='bbox 1453 1056 1461 1073; x_wconf 90' lang='lat'><strong>·</strong></span> 
     </span>
    </p>
   </div>
   <div class='ocr_carea' id='block_1_5' title="bbox 305 1107 1210 1185">
    <p class='ocr_par' dir='ltr' id='par_1_5' title="bbox 305 1107 1210 1185">
     <span class='ocr_line' id='line_1_7' title="bbox 305 1107 1210 1185; baseline 0.012 -28"><span class='ocrx_word' id='word_1_23' title='bbox 305 1119 383 1172; x_wconf 82' lang='lat' dir='ltr'><strong>runt3</strong></span> <span class='ocrx_word' id='word_1_24' title='bbox 398 1118 423 1158; x_wconf 90' lang='lat' dir='ltr'><strong>et</strong></span> <span class='ocrx_word' id='word_1_25' title='bbox 433 1107 544 1178; x_wconf 80' lang='lat' dir='ltr'>qualiter</span> <span class='ocrx_word' id='word_1_26' title='bbox 556 1109 679 1163; x_wconf 90' lang='lat' dir='ltr'><strong>ultimum</strong></span> <span class='ocrx_word' id='word_1_27' title='bbox 692 1125 812 1166; x_wconf 84' lang='lat' dir='ltr'><strong>mortuus</strong></span> <span class='ocrx_word' id='word_1_28' title='bbox 823 1113 927 1185; x_wconf 83' lang='lat' dir='ltr'><strong>agnitus</strong></span> <span class='ocrx_word' id='word_1_29' title='bbox 938 1124 976 1166; x_wconf 77' lang='lat' dir='ltr'><strong>ert</strong></span> <span class='ocrx_word' id='word_1_30' title='bbox 990 1125 1015 1171; x_wconf 76' lang='lat' dir='ltr'><strong>et</strong></span> <span class='ocrx_word' id='word_1_31' title='bbox 1025 1114 1140 1185; x_wconf 59' lang='lat' dir='ltr'><strong>septu-s</strong></span> <span class='ocrx_word' id='word_1_32' title='bbox 1151 1113 1210 1173; x_wconf 86' lang='lat' dir='ltr'><strong>suit.</strong></span> 
     </span>
    </p>
   </div>
   <div class='ocr_carea' id='block_1_6' title="bbox 228 1289 1306 1620">
    <p class='ocr_par' dir='ltr' id='par_1_6' title="bbox 228 1289 1306 1620">
     <span class='ocr_line' id='line_1_8' title="bbox 279 1289 1288 1392; baseline 0.012 -34"><span class='ocrx_word' id='word_1_33' title='bbox 279 1292 346 1360; x_wconf 92' lang='lat' dir='ltr'><strong>Per</strong></span> <span class='ocrx_word' id='word_1_34' title='bbox 356 1289 488 1361; x_wconf 91' lang='lat' dir='ltr'><strong>multos</strong></span> <span class='ocrx_word' id='word_1_35' title='bbox 498 1306 617 1364; x_wconf 87' lang='lat' dir='ltr'><strong>autem</strong></span> <span class='ocrx_word' id='word_1_36' title='bbox 632 1291 708 1364; x_wconf 89' lang='lat' dir='ltr'><strong>dies</strong></span> <span class='ocrx_word' id='word_1_37' title='bbox 718 1294 895 1366; x_wconf 88' lang='lat' dir='ltr'><strong>incertum</strong></span> <span class='ocrx_word' id='word_1_38' title='bbox 906 1294 1013 1368; x_wconf 87' lang='lat' dir='ltr'><strong>etiam</strong></span> <span class='ocrx_word' id='word_1_39' title='bbox 1025 1294 1121 1392; x_wconf 86' lang='lat' dir='ltr'><strong>apud</strong></span> <span class='ocrx_word' id='word_1_40' title='bbox 1134 1294 1288 1370; x_wconf 85' lang='lat' dir='ltr'><strong>victores</strong></span> 
     </span>
     <span class='ocr_line' id='line_1_9' title="bbox 228 1401 1306 1509; baseline 0.007 -35"><span class='ocrx_word' id='word_1_41' title='bbox 228 1401 428 1476; x_wconf 83' lang='lat' dir='ltr'><strong>habebatur</strong></span> <span class='ocrx_word' id='word_1_42' title='bbox 439 1403 485 1477; x_wconf 93' lang='lat' dir='ltr'><strong>de</strong></span> <span class='ocrx_word' id='word_1_43' title='bbox 497 1404 589 1477; x_wconf 91' lang='lat' dir='ltr'><strong>duce</strong></span> <span class='ocrx_word' id='word_1_44' title='bbox 604 1407 826 1502; x_wconf 83' lang='lat' dir='ltr'><strong>Burgundiae,</strong></span> <span class='ocrx_word' id='word_1_45' title='bbox 843 1409 1051 1509; x_wconf 89' lang='lat' dir='ltr'><strong>captivusne</strong></span> <span class='ocrx_word' id='word_1_46' title='bbox 1063 1408 1192 1482; x_wconf 90' lang='lat' dir='ltr'><strong>ductus</strong></span> <span class='ocrx_word' id='word_1_47' title='bbox 1204 1406 1306 1482; x_wconf 57' lang='lat' dir='ltr'><strong>fuis,¹</strong></span> 
     </span>
     <span class='ocr_line' id='line_1_10' title="bbox 228 1511 1289 1620; baseline 0.009 -32"><span class='ocrx_word' id='word_1_48' title='bbox 228 1535 293 1611; x_wconf 90' lang='lat' dir='ltr'><strong>set,</strong></span> <span class='ocrx_word' id='word_1_49' title='bbox 312 1521 369 1593; x_wconf 81' lang='lat' dir='ltr'><strong>vel</strong></span> <span class='ocrx_word' id='word_1_50' title='bbox 384 1520 583 1619; x_wconf 87' lang='lat' dir='ltr'><strong>perfugam</strong></span> <span class='ocrx_word' id='word_1_51' title='bbox 600 1521 757 1620; x_wconf 81' lang='lat' dir='ltr'><strong>elapsus3</strong></span> <span class='ocrx_word' id='word_1_52' title='bbox 777 1545 860 1594; x_wconf 86' lang='lat' dir='ltr'><strong>nam</strong></span> <span class='ocrx_word' id='word_1_53' title='bbox 879 1524 972 1594; x_wconf 89' lang='lat' dir='ltr'><strong>inter</strong></span> <span class='ocrx_word' id='word_1_54' title='bbox 988 1525 1126 1596; x_wconf 90' lang='lat' dir='ltr'><strong>occisos</strong></span> <span class='ocrx_word' id='word_1_55' title='bbox 1142 1511 1289 1599; x_wconf 91' lang='lat' dir='ltr'><strong>minime</strong></span> 
     </span>
    </p>
   </div>
   <div class='ocr_carea' id='block_1_7' title="bbox 228 1628 1430 1730">
    <p class='ocr_par' dir='ltr' id='par_1_7' title="bbox 228 1628 1430 1730">
     <span class='ocr_line' id='line_1_11' title="bbox 228 1628 1430 1730; baseline -0.014 -24"><span class='ocrx_word' id='word_1_56' title='bbox 228 1635 500 1730; x_wconf 80' lang='lat' dir='ltr'><strong>agnoscebatur.</strong></span> <span class='ocrx_word' id='word_1_57' title='bbox 518 1639 657 1706; x_wconf 87' lang='lat' dir='ltr'><strong>Etcum</strong></span> <span class='ocrx_word' id='word_1_58' title='bbox 673 1635 803 1707; x_wconf 91' lang='lat' dir='ltr'><strong>dehoc</strong></span> <span class='ocrx_word' id='word_1_59' title='bbox 818 1637 936 1708; x_wconf 87' lang='lat' dir='ltr'><strong>varius</strong></span> <span class='ocrx_word' id='word_1_60' title='bbox 951 1636 1056 1708; x_wconf 83' lang='lat' dir='ltr'><strong>valde</strong></span> <span class='ocrx_word' id='word_1_61' title='bbox 1072 1661 1114 1709; x_wconf 85' lang='lat' dir='ltr'><strong>ac</strong></span> <span class='ocrx_word' id='word_1_62' title='bbox 1129 1639 1288 1721; x_wconf 60' lang='lat' dir='ltr'><strong>dicem</strong></span> <span class='ocrx_word' id='word_1_63' title='bbox 1312 1639 1319 1656; x_wconf 82' lang='lat'><strong>¹</strong></span> <span class='ocrx_word' id='word_1_64' title='bbox 1410 1628 1430 1646; x_wconf 87' lang='lat'><strong>’&#39;</strong></span> 
     </span>
    </p>
   </div>
   <div class='ocr_carea' id='block_1_8' title="bbox 226 1746 1318 2314">
    <p class='ocr_par' dir='ltr' id='par_1_8' title="bbox 226 1746 1318 2314">
     <span class='ocr_line' id='line_1_12' title="bbox 228 1746 1318 1850; baseline 0.006 -30"><span class='ocrx_word' id='word_1_65' title='bbox 228 1749 324 1848; x_wconf 86' lang='lat' dir='ltr'><strong>apud</strong></span> <span class='ocrx_word' id='word_1_66' title='bbox 338 1750 511 1848; x_wconf 93' lang='lat' dir='ltr'><strong>plurimos</strong></span> <span class='ocrx_word' id='word_1_67' title='bbox 524 1775 649 1822; x_wconf 88' lang='lat' dir='ltr'><strong>rumor</strong></span> <span class='ocrx_word' id='word_1_68' title='bbox 661 1765 896 1850; x_wconf 86' lang='lat' dir='ltr'><strong>percurreret,</strong></span> <span class='ocrx_word' id='word_1_69' title='bbox 913 1775 989 1824; x_wconf 91' lang='lat' dir='ltr'><strong>non</strong></span> <span class='ocrx_word' id='word_1_70' title='bbox 1003 1750 1152 1828; x_wconf 72' lang='lat' dir='ltr'><strong>deerant</strong></span> <span class='ocrx_word' id='word_1_71' title='bbox 1163 1746 1318 1850; x_wconf 78' lang='lat' dir='ltr'><strong>quam-&#39;¹</strong></span> 
     </span>
     <span class='ocr_line' id='line_1_13' title="bbox 228 1865 1289 1966; baseline 0.005 -28"><span class='ocrx_word' id='word_1_72' title='bbox 228 1866 347 1965; x_wconf 89' lang='lat' dir='ltr'><strong>plures</strong></span> <span class='ocrx_word' id='word_1_73' title='bbox 363 1891 404 1938; x_wconf 89' lang='lat' dir='ltr'><strong>ex</strong></span> <span class='ocrx_word' id='word_1_74' title='bbox 420 1865 477 1938; x_wconf 91' lang='lat' dir='ltr'><strong>his</strong></span> <span class='ocrx_word' id='word_1_75' title='bbox 491 1869 570 1964; x_wconf 90' lang='lat' dir='ltr'><strong>qui,</strong></span> <span class='ocrx_word' id='word_1_76' title='bbox 593 1893 660 1941; x_wconf 90' lang='lat' dir='ltr'><strong>nec</strong></span> <span class='ocrx_word' id='word_1_77' title='bbox 678 1869 760 1940; x_wconf 89' lang='lat' dir='ltr'><strong>visis</strong></span> <span class='ocrx_word' id='word_1_78' title='bbox 778 1867 926 1940; x_wconf 84' lang='lat' dir='ltr'><strong>sortasse</strong></span> <span class='ocrx_word' id='word_1_79' title='bbox 943 1867 1123 1962; x_wconf 86' lang='lat' dir='ltr'><strong>hostibus,</strong></span> <span class='ocrx_word' id='word_1_80' title='bbox 1142 1871 1289 1966; x_wconf 85' lang='lat' dir='ltr'><strong>aufuge-</strong></span> 
     </span>
     <span class='ocr_line' id='line_1_14' title="bbox 227 1980 1289 2090; baseline 0.008 -39"><span class='ocrx_word' id='word_1_81' title='bbox 227 1996 321 2072; x_wconf 86' lang='lat' dir='ltr'><strong>rant,</strong></span> <span class='ocrx_word' id='word_1_82' title='bbox 333 1980 390 2054; x_wconf 86' lang='lat' dir='ltr'><strong>vel</strong></span> <span class='ocrx_word' id='word_1_83' title='bbox 400 1981 447 2054; x_wconf 89' lang='lat' dir='ltr'><strong>ab</strong></span> <span class='ocrx_word' id='word_1_84' title='bbox 460 1981 620 2056; x_wconf 81' lang='lat' dir='ltr'><strong>hostibus</strong></span> <span class='ocrx_word' id='word_1_85' title='bbox 630 1984 782 2090; x_wconf 88' lang='lat' dir='ltr'><strong>spoliati,</strong></span> <span class='ocrx_word' id='word_1_86' title='bbox 797 1999 967 2082; x_wconf 88' lang='lat' dir='ltr'><strong>tanquam</strong></span> <span class='ocrx_word' id='word_1_87' title='bbox 977 1982 1106 2081; x_wconf 88' lang='lat' dir='ltr'><strong>abjecti</strong></span> <span class='ocrx_word' id='word_1_88' title='bbox 1118 1998 1152 2056; x_wconf 91' lang='lat' dir='ltr'><strong>et</strong></span> <span class='ocrx_word' id='word_1_89' title='bbox 1163 1985 1289 2085; x_wconf 85' lang='lat' dir='ltr'><strong>inopes</strong></span> 
     </span>
     <span class='ocr_line' id='line_1_15' title="bbox 227 2096 1290 2198; baseline 0.003 -29"><span class='ocrx_word' id='word_1_90' title='bbox 227 2096 273 2169; x_wconf 93' lang='lat' dir='ltr'><strong>ab</strong></span> <span class='ocrx_word' id='word_1_91' title='bbox 298 2096 431 2168; x_wconf 90' lang='lat' dir='ltr'><strong>eisdem</strong></span> <span class='ocrx_word' id='word_1_92' title='bbox 453 2098 566 2178; x_wconf 86' lang='lat' dir='ltr'><strong>relicti</strong></span> <span class='ocrx_word' id='word_1_93' title='bbox 586 2099 743 2190; x_wconf 81' lang='lat' dir='ltr'><strong>fuerant,</strong></span> <span class='ocrx_word' id='word_1_94' title='bbox 767 2101 829 2198; x_wconf 91' lang='lat' dir='ltr'><strong>qui</strong></span> <span class='ocrx_word' id='word_1_95' title='bbox 851 2125 935 2172; x_wconf 90' lang='lat' dir='ltr'><strong>cum</strong></span> <span class='ocrx_word' id='word_1_96' title='bbox 956 2114 1152 2172; x_wconf 86' lang='lat' dir='ltr'><strong>assererent</strong></span> <span class='ocrx_word' id='word_1_97' title='bbox 1172 2098 1290 2172; x_wconf 89' lang='lat' dir='ltr'><strong>adhuc</strong></span> 
     </span>
     <span class='ocr_line' id='line_1_16' title="bbox 226 2213 1286 2314; baseline 0.005 -31"><span class='ocrx_word' id='word_1_98' title='bbox 226 2213 356 2286; x_wconf 89' lang='lat' dir='ltr'><strong>vivere.</strong></span> <span class='ocrx_word' id='word_1_99' title='bbox 384 2213 553 2288; x_wconf 91' lang='lat' dir='ltr'><strong>Nonnulli</strong></span> <span class='ocrx_word' id='word_1_100' title='bbox 577 2216 773 2314; x_wconf 85' lang='lat' dir='ltr'><strong>siquidem,</strong></span> <span class='ocrx_word' id='word_1_101' title='bbox 797 2215 1005 2296; x_wconf 78' lang='lat' dir='ltr'><strong>vulneribus</strong></span> <span class='ocrx_word' id='word_1_102' title='bbox 1029 2215 1184 2314; x_wconf 85' lang='lat' dir='ltr'><strong>acceptis</strong></span> <span class='ocrx_word' id='word_1_103' title='bbox 1206 2240 1286 2308; x_wconf 83' lang='lat' dir='ltr'><strong>sau-</strong></span> 
     </span>
    </p>
   </div>
   <div class='ocr_carea' id='block_1_9' title="bbox 226 2330 1584 2543">
    <p class='ocr_par' dir='ltr' id='par_1_9' title="bbox 226 2330 1584 2543">
     <span class='ocr_line' id='line_1_17' title="bbox 227 2330 1522 2430; baseline 0.004 -28"><span class='ocrx_word' id='word_1_104' title='bbox 227 2331 339 2417; x_wconf 88' lang='lat' dir='ltr'><strong>cium,</strong></span> <span class='ocrx_word' id='word_1_105' title='bbox 362 2331 408 2404; x_wconf 91' lang='lat' dir='ltr'><strong>ad</strong></span> <span class='ocrx_word' id='word_1_106' title='bbox 427 2330 612 2430; x_wconf 86' lang='lat' dir='ltr'><strong>quoddam</strong></span> <span class='ocrx_word' id='word_1_107' title='bbox 631 2357 715 2407; x_wconf 91' lang='lat' dir='ltr'><strong>eum</strong></span> <span class='ocrx_word' id='word_1_108' title='bbox 735 2347 890 2404; x_wconf 80' lang='lat' dir='ltr'><strong>castrum</strong></span> <span class='ocrx_word' id='word_1_109' title='bbox 913 2332 1041 2426; x_wconf 77' lang='lat' dir='ltr'><strong>fugisse</strong></span> <span class='ocrx_word' id='word_1_110' title='bbox 1065 2330 1302 2424; x_wconf 71' lang='lat' dir='ltr'><strong>asserebant,</strong></span> <span class='ocrx_word' id='word_1_111' title='bbox 1404 2415 1409 2426; x_wconf 47' lang='grc'><em>,</em></span> <span class='ocrx_word' id='word_1_112' title='bbox 1517 2389 1522 2407; x_wconf 85' lang='grc'>,</span> 
     </span>
     <span class='ocr_line' id='line_1_18' title="bbox 226 2443 1584 2543; baseline 0.003 -27"><span class='ocrx_word' id='word_1_113' title='bbox 226 2444 286 2517; x_wconf 93' lang='lat' dir='ltr'><strong>ubi</strong></span> <span class='ocrx_word' id='word_1_114' title='bbox 306 2447 501 2543; x_wconf 87' lang='lat' dir='ltr'><strong>aquodam</strong></span> <span class='ocrx_word' id='word_1_115' title='bbox 517 2445 584 2518; x_wconf 92' lang='lat' dir='ltr'><strong>sibi</strong></span> <span class='ocrx_word' id='word_1_116' title='bbox 603 2449 720 2520; x_wconf 90' lang='lat' dir='ltr'><strong>amico</strong></span> <span class='ocrx_word' id='word_1_117' title='bbox 738 2447 903 2519; x_wconf 89' lang='lat' dir='ltr'><strong>clanculo</strong></span> <span class='ocrx_word' id='word_1_118' title='bbox 923 2445 1129 2538; x_wconf 87' lang='lat' dir='ltr'><strong>curabatur,</strong></span> <span class='ocrx_word' id='word_1_119' title='bbox 1150 2445 1286 2536; x_wconf 89' lang='lat' dir='ltr'><strong>donec,</strong></span> <span class='ocrx_word' id='word_1_120' title='bbox 1381 2459 1488 2503; x_wconf 53' lang='grc' dir='ltr'><strong>π’·</strong></span> <span class='ocrx_word' id='word_1_121' title='bbox 1580 2443 1584 2452; x_wconf 85' lang='grc'><strong>’</strong></span> 
     </span>
    </p>
   </div>
   <div class='ocr_carea' id='block_1_10' title="bbox 158 2547 1314 4286">
    <p class='ocr_par' dir='ltr' id='par_1_10' title="bbox 158 2547 1314 4286">
     <span class='ocr_line' id='line_1_19' title="bbox 226 2547 1284 2659; baseline 0.002 -28"><span class='ocrx_word' id='word_1_122' title='bbox 226 2559 424 2633; x_wconf 90' lang='lat' dir='ltr'><strong>resolidatis</strong></span> <span class='ocrx_word' id='word_1_123' title='bbox 453 2560 683 2651; x_wconf 86' lang='lat' dir='ltr'><strong>vulneribus,</strong></span> <span class='ocrx_word' id='word_1_124' title='bbox 715 2559 899 2658; x_wconf 89' lang='lat' dir='ltr'><strong>equitandi</strong></span> <span class='ocrx_word' id='word_1_125' title='bbox 915 2547 1018 2632; x_wconf 45' lang='lat' dir='ltr'><strong>&#39;vires</strong></span> <span class='ocrx_word' id='word_1_126' title='bbox 1044 2577 1284 2659; x_wconf 86' lang='lat' dir='ltr'><strong>recuperaret.</strong></span> 
     </span>
     <span class='ocr_line' id='line_1_20' title="bbox 226 2675 1287 2776; baseline 0.001 -29"><span class='ocrx_word' id='word_1_127' title='bbox 226 2675 378 2748; x_wconf 80' lang='lat' dir='ltr'><strong>Aiebant</strong></span> <span class='ocrx_word' id='word_1_128' title='bbox 393 2676 453 2749; x_wconf 87' lang='lat' dir='ltr'><strong>alii</strong></span> <span class='ocrx_word' id='word_1_129' title='bbox 466 2677 512 2749; x_wconf 86' lang='lat' dir='ltr'><strong>ab</strong></span> <span class='ocrx_word' id='word_1_130' title='bbox 526 2677 647 2776; x_wconf 88' lang='lat' dir='ltr'><strong>aliquo</strong></span> <span class='ocrx_word' id='word_1_131' title='bbox 660 2681 922 2750; x_wconf 89' lang='lat' dir='ltr'><strong>Germanorum</strong></span> <span class='ocrx_word' id='word_1_132' title='bbox 937 2701 1129 2774; x_wconf 89' lang='lat' dir='ltr'><strong>procerum</strong></span> <span class='ocrx_word' id='word_1_133' title='bbox 1143 2692 1287 2775; x_wconf 91' lang='lat' dir='ltr'><strong>captum</strong></span> 
     </span>
     <span class='ocr_line' id='line_1_21' title="bbox 225 2791 1287 2890; baseline 0.001 -27"><span class='ocrx_word' id='word_1_134' title='bbox 225 2807 477 2888; x_wconf 87' lang='lat' dir='ltr'><strong>servatumque</strong></span> <span class='ocrx_word' id='word_1_135' title='bbox 494 2793 614 2885; x_wconf 85' lang='lat' dir='ltr'><strong>luisse,</strong></span> <span class='ocrx_word' id='word_1_136' title='bbox 633 2807 669 2864; x_wconf 94' lang='lat' dir='ltr'><strong>et</strong></span> <span class='ocrx_word' id='word_1_137' title='bbox 684 2793 866 2890; x_wconf 89' lang='lat' dir='ltr'><strong>captivum</strong></span> <span class='ocrx_word' id='word_1_138' title='bbox 883 2791 1007 2888; x_wconf 91' lang='lat' dir='ltr'><strong>ignoto</strong></span> <span class='ocrx_word' id='word_1_139' title='bbox 1024 2793 1063 2863; x_wconf 92' lang='lat' dir='ltr'><strong>in</strong></span> <span class='ocrx_word' id='word_1_140' title='bbox 1078 2791 1160 2864; x_wconf 92' lang='lat' dir='ltr'><strong>loco</strong></span> <span class='ocrx_word' id='word_1_141' title='bbox 1174 2816 1287 2864; x_wconf 88' lang='lat' dir='ltr'><strong>asser-</strong></span> 
     </span>
     <span class='ocr_line' id='line_1_22' title="bbox 158 2905 1285 3008; baseline 0.004 -31"><span class='ocrx_word' id='word_1_142' title='bbox 158 2911 160 2917; x_wconf 45' lang='lat'><em>*</em></span> <span class='ocrx_word' id='word_1_143' title='bbox 225 2909 313 2982; x_wconf 87' lang='lat' dir='ltr'><strong>vari.</strong></span> <span class='ocrx_word' id='word_1_144' title='bbox 332 2908 396 2981; x_wconf 77' lang='lat' dir='ltr'><strong>atii</strong></span> <span class='ocrx_word' id='word_1_145' title='bbox 410 2908 538 3005; x_wconf 84' lang='lat' dir='ltr'><strong>fugisse</strong></span> <span class='ocrx_word' id='word_1_146' title='bbox 552 2933 635 2980; x_wconf 89' lang='lat' dir='ltr'><strong>eum</strong></span> <span class='ocrx_word' id='word_1_147' title='bbox 648 2908 685 2978; x_wconf 93' lang='lat' dir='ltr'><strong>in</strong></span> <span class='ocrx_word' id='word_1_148' title='bbox 705 2905 960 3002; x_wconf 77' lang='lat' dir='ltr'><strong>burgundiam,</strong></span> <span class='ocrx_word' id='word_1_149' title='bbox 980 2907 1037 3008; x_wconf 84' lang='lat' dir='ltr'><strong>vel</strong></span> <span class='ocrx_word' id='word_1_150' title='bbox 1050 2908 1088 2978; x_wconf 93' lang='lat' dir='ltr'><strong>in</strong></span> <span class='ocrx_word' id='word_1_151' title='bbox 1101 2908 1285 3000; x_wconf 86' lang='lat' dir='ltr'><strong>Franciam</strong></span> 
     </span>
     <span class='ocr_line' id='line_1_23' title="bbox 225 3015 1286 3122; baseline 0.003 -30"><span class='ocrx_word' id='word_1_152' title='bbox 225 3046 263 3092; x_wconf 91' lang='lat' dir='ltr'><strong>se</strong></span> <span class='ocrx_word' id='word_1_153' title='bbox 286 3023 461 3122; x_wconf 89' lang='lat' dir='ltr'><strong>recepisse</strong></span> <span class='ocrx_word' id='word_1_154' title='bbox 492 3038 527 3096; x_wconf 89' lang='lat' dir='ltr'><strong>ct</strong></span> <span class='ocrx_word' id='word_1_155' title='bbox 553 3022 750 3095; x_wconf 89' lang='lat' dir='ltr'><strong>occuluisse</strong></span> <span class='ocrx_word' id='word_1_156' title='bbox 780 3020 976 3117; x_wconf 88' lang='lat' dir='ltr'><strong>jactabant.</strong></span> <span class='ocrx_word' id='word_1_157' title='bbox 1007 3025 1047 3093; x_wconf 91' lang='lat' dir='ltr'><strong>lu</strong></span> <span class='ocrx_word' id='word_1_158' title='bbox 1075 3015 1286 3121; x_wconf 81' lang='lat' dir='ltr'><strong>tantumque</strong></span> 
     </span>
     <span class='ocr_line' id='line_1_24' title="bbox 224 3135 1283 3238; baseline 0.004 -32"><span class='ocrx_word' id='word_1_159' title='bbox 224 3140 376 3210; x_wconf 77' lang='lat' dir='ltr'><strong>vesania</strong></span> <span class='ocrx_word' id='word_1_160' title='bbox 393 3153 428 3212; x_wconf 91' lang='lat' dir='ltr'><strong>et</strong></span> <span class='ocrx_word' id='word_1_161' title='bbox 445 3138 597 3216; x_wconf 81' lang='lat' dir='ltr'><strong>stultitiae</strong></span> <span class='ocrx_word' id='word_1_162' title='bbox 614 3135 761 3235; x_wconf 90' lang='lat' dir='ltr'><strong>quidam</strong></span> <span class='ocrx_word' id='word_1_163' title='bbox 777 3135 895 3208; x_wconf 90' lang='lat' dir='ltr'><strong>miseri</strong></span> <span class='ocrx_word' id='word_1_164' title='bbox 911 3137 1089 3238; x_wconf 86' lang='lat' dir='ltr'><strong>progressi</strong></span> <span class='ocrx_word' id='word_1_165' title='bbox 1105 3151 1205 3224; x_wconf 88' lang='lat' dir='ltr'><strong>sunt,</strong></span> <span class='ocrx_word' id='word_1_166' title='bbox 1225 3153 1283 3231; x_wconf 91' lang='lat' dir='ltr'><strong>ut,</strong></span> 
     </span>
     <span class='ocr_line' id='line_1_25' title="bbox 223 3251 1286 3353; baseline 0.005 -32"><span class='ocrx_word' id='word_1_167' title='bbox 223 3251 261 3322; x_wconf 91' lang='lat' dir='ltr'><strong>in</strong></span> <span class='ocrx_word' id='word_1_168' title='bbox 279 3254 462 3325; x_wconf 88' lang='lat' dir='ltr'><strong>nonnullis</strong></span> <span class='ocrx_word' id='word_1_169' title='bbox 482 3253 626 3353; x_wconf 93' lang='lat' dir='ltr'><strong>oppidis</strong></span> <span class='ocrx_word' id='word_1_170' title='bbox 646 3265 822 3325; x_wconf 88' lang='lat' dir='ltr'><strong>terrarum</strong></span> <span class='ocrx_word' id='word_1_171' title='bbox 840 3277 1005 3346; x_wconf 89' lang='lat' dir='ltr'><strong>suarum,</strong></span> <span class='ocrx_word' id='word_1_172' title='bbox 1034 3251 1117 3324; x_wconf 87' lang='lat' dir='ltr'><strong>talia</strong></span> <span class='ocrx_word' id='word_1_173' title='bbox 1142 3251 1286 3351; x_wconf 90' lang='lat' dir='ltr'><strong>publice</strong></span> 
     </span>
     <span class='ocr_line' id='line_1_26' title="bbox 224 3369 1284 3466; baseline 0.005 -27"><span class='ocrx_word' id='word_1_174' title='bbox 224 3392 348 3440; x_wconf 92' lang='lat' dir='ltr'><strong>coram</strong></span> <span class='ocrx_word' id='word_1_175' title='bbox 369 3369 632 3466; x_wconf 85' lang='lat' dir='ltr'><strong>magistratibus</strong></span> <span class='ocrx_word' id='word_1_176' title='bbox 651 3370 816 3444; x_wconf 91' lang='lat' dir='ltr'><strong>locorum</strong></span> <span class='ocrx_word' id='word_1_177' title='bbox 838 3395 994 3444; x_wconf 87' lang='lat' dir='ltr'><strong>asserere</strong></span> <span class='ocrx_word' id='word_1_178' title='bbox 1015 3395 1091 3442; x_wconf 91' lang='lat' dir='ltr'><strong>non</strong></span> <span class='ocrx_word' id='word_1_179' title='bbox 1118 3395 1284 3444; x_wconf 86' lang='lat' dir='ltr'><strong>vereren-</strong></span> 
     </span>
     <span class='ocr_line' id='line_1_27' title="bbox 224 3485 1283 3587; baseline 0.005 -33"><span class='ocrx_word' id='word_1_180' title='bbox 224 3497 295 3574; x_wconf 87' lang='lat' dir='ltr'><strong>tur,</strong></span> <span class='ocrx_word' id='word_1_181' title='bbox 321 3509 430 3582; x_wconf 89' lang='lat' dir='ltr'><strong>seque</strong></span> <span class='ocrx_word' id='word_1_182' title='bbox 453 3485 560 3587; x_wconf 78' lang='lat' dir='ltr'><strong>etiam</strong></span> <span class='ocrx_word' id='word_1_183' title='bbox 584 3500 619 3556; x_wconf 92' lang='lat' dir='ltr'><strong>et</strong></span> <span class='ocrx_word' id='word_1_184' title='bbox 641 3485 751 3557; x_wconf 86' lang='lat' dir='ltr'><strong>vitam</strong></span> <span class='ocrx_word' id='word_1_185' title='bbox 772 3510 873 3558; x_wconf 86' lang='lat' dir='ltr'><strong>suam</strong></span> <span class='ocrx_word' id='word_1_186' title='bbox 900 3487 1100 3560; x_wconf 89' lang='lat' dir='ltr'><strong>amissionis</strong></span> <span class='ocrx_word' id='word_1_187' title='bbox 1122 3487 1283 3586; x_wconf 89' lang='lat' dir='ltr'><strong>periculo</strong></span> 
     </span>
     <span class='ocr_line' id='line_1_28' title="bbox 223 3599 1282 3702; baseline 0.005 -31"><span class='ocrx_word' id='word_1_188' title='bbox 223 3599 444 3691; x_wconf 89' lang='lat' dir='ltr'><strong>submittere,</strong></span> <span class='ocrx_word' id='word_1_189' title='bbox 462 3599 526 3671; x_wconf 93' lang='lat' dir='ltr'><strong>ubi</strong></span> <span class='ocrx_word' id='word_1_190' title='bbox 542 3625 619 3672; x_wconf 91' lang='lat' dir='ltr'><strong>non</strong></span> <span class='ocrx_word' id='word_1_191' title='bbox 634 3599 683 3672; x_wconf 79' lang='lat' dir='ltr'><strong>ita</strong></span> <span class='ocrx_word' id='word_1_192' title='bbox 695 3599 785 3692; x_wconf 83' lang='lat' dir='ltr'><strong>lore,</strong></span> <span class='ocrx_word' id='word_1_193' title='bbox 805 3603 856 3672; x_wconf 92' lang='lat' dir='ltr'><strong>uti</strong></span> <span class='ocrx_word' id='word_1_194' title='bbox 872 3603 1089 3694; x_wconf 90' lang='lat' dir='ltr'><strong>asserebant,</strong></span> <span class='ocrx_word' id='word_1_195' title='bbox 1108 3605 1282 3702; x_wconf 88' lang='lat' dir='ltr'><strong>recipcre·</strong></span> 
     </span>
     <span class='ocr_line' id='line_1_29' title="bbox 223 3703 1283 3816; baseline 0 -26"><span class='ocrx_word' id='word_1_196' title='bbox 223 3735 294 3791; x_wconf 91' lang='lat' dir='ltr'><strong>tur.</strong></span> <span class='ocrx_word' id='word_1_197' title='bbox 313 3721 379 3792; x_wconf 81' lang='lat' dir='ltr'><strong>Alii</strong></span> <span class='ocrx_word' id='word_1_198' title='bbox 395 3703 516 3794; x_wconf 81' lang='lat' dir='ltr'><strong>autem</strong></span> <span class='ocrx_word' id='word_1_199' title='bbox 531 3717 698 3791; x_wconf 87' lang='lat' dir='ltr'><strong>etiamad</strong></span> <span class='ocrx_word' id='word_1_200' title='bbox 712 3716 852 3791; x_wconf 90' lang='lat' dir='ltr'><strong>diversa</strong></span> <span class='ocrx_word' id='word_1_201' title='bbox 868 3719 1003 3816; x_wconf 91' lang='lat' dir='ltr'><strong>oppida</strong></span> <span class='ocrx_word' id='word_1_202' title='bbox 1016 3735 1051 3792; x_wconf 90' lang='lat' dir='ltr'><strong>ct</strong></span> <span class='ocrx_word' id='word_1_203' title='bbox 1070 3721 1147 3794; x_wconf 87' lang='lat' dir='ltr'><strong>loca</strong></span> <span class='ocrx_word' id='word_1_204' title='bbox 1163 3721 1283 3792; x_wconf 87' lang='lat' dir='ltr'><strong>venie-</strong></span> 
     </span>
     <span class='ocr_line' id='line_1_30' title="bbox 223 3831 1283 3936; baseline -0.001 -28"><span class='ocrx_word' id='word_1_205' title='bbox 223 3835 324 3930; x_wconf 88' lang='lat' dir='ltr'><strong>bant,</strong></span> <span class='ocrx_word' id='word_1_206' title='bbox 343 3837 502 3936; x_wconf 85' lang='lat' dir='ltr'><strong>quicum</strong></span> <span class='ocrx_word' id='word_1_207' title='bbox 519 3837 614 3908; x_wconf 91' lang='lat' dir='ltr'><strong>inter</strong></span> <span class='ocrx_word' id='word_1_208' title='bbox 630 3831 792 3933; x_wconf 91' lang='lat' dir='ltr'><strong>peditum</strong></span> <span class='ocrx_word' id='word_1_209' title='bbox 807 3834 1108 3909; x_wconf 87' lang='lat' dir='ltr'><strong>confertissimum</strong></span> <span class='ocrx_word' id='word_1_210' title='bbox 1124 3834 1283 3907; x_wconf 90' lang='lat' dir='ltr'><strong>hostium</strong></span> 
     </span>
     <span class='ocr_line' id='line_1_31' title="bbox 223 3947 1281 4050; baseline -0.004 -26"><span class='ocrx_word' id='word_1_211' title='bbox 223 3976 379 4026; x_wconf 90' lang='lat' dir='ltr'><strong>cuneum</strong></span> <span class='ocrx_word' id='word_1_212' title='bbox 396 3977 490 4050; x_wconf 90' lang='lat' dir='ltr'><strong>equo</strong></span> <span class='ocrx_word' id='word_1_213' title='bbox 507 3950 611 4048; x_wconf 89' lang='lat' dir='ltr'><strong>dejici</strong></span> <span class='ocrx_word' id='word_1_214' title='bbox 628 3970 666 4022; x_wconf 85' lang='lat' dir='ltr'><strong>sc</strong></span> <span class='ocrx_word' id='word_1_215' title='bbox 679 3947 823 4040; x_wconf 85' lang='lat' dir='ltr'><strong>vidisse,</strong></span> <span class='ocrx_word' id='word_1_216' title='bbox 841 3964 877 4020; x_wconf 92' lang='lat' dir='ltr'><strong>et</strong></span> <span class='ocrx_word' id='word_1_217' title='bbox 892 3974 1022 4022; x_wconf 84' lang='lat' dir='ltr'><strong>caesum</strong></span> <span class='ocrx_word' id='word_1_218' title='bbox 1035 3950 1155 4048; x_wconf 86' lang='lat' dir='ltr'><strong>potius</strong></span> <span class='ocrx_word' id='word_1_219' title='bbox 1173 3974 1281 4048; x_wconf 89' lang='lat' dir='ltr'><strong>quam</strong></span> 
     </span>
     <span class='ocr_line' id='line_1_32' title="bbox 223 4063 1281 4142; baseline -0.007 0"><span class='ocrx_word' id='word_1_220' title='bbox 223 4085 401 4142; x_wconf 81' lang='lat' dir='ltr'><strong>servatum</strong></span> <span class='ocrx_word' id='word_1_221' title='bbox 426 4069 532 4139; x_wconf 81' lang='lat' dir='ltr'><strong>luisse</strong></span> <span class='ocrx_word' id='word_1_222' title='bbox 557 4092 594 4138; x_wconf 92' lang='lat' dir='ltr'><strong>se</strong></span> <span class='ocrx_word' id='word_1_223' title='bbox 617 4066 790 4139; x_wconf 74' lang='lat' dir='ltr'><strong>aestimare</strong></span> <span class='ocrx_word' id='word_1_224' title='bbox 814 4063 1031 4140; x_wconf 87' lang='lat' dir='ltr'><strong>asserebant.</strong></span> <span class='ocrx_word' id='word_1_225' title='bbox 1056 4069 1099 4135; x_wconf 88' lang='lat' dir='ltr'><strong>Et</strong></span> <span class='ocrx_word' id='word_1_226' title='bbox 1119 4065 1167 4138; x_wconf 89' lang='lat' dir='ltr'><strong>ita</strong></span> <span class='ocrx_word' id='word_1_227' title='bbox 1188 4065 1281 4136; x_wconf 88' lang='lat' dir='ltr'><strong>ultro</strong></span> 
     </span>
     <span class='ocr_line' id='line_1_33' title="bbox 223 4179 1314 4286; baseline -0.005 -26"><span class='ocrx_word' id='word_1_228' title='bbox 223 4187 385 4286; x_wconf 92' lang='lat' dir='ltr'><strong>citroque</strong></span> <span class='ocrx_word' id='word_1_229' title='bbox 403 4185 640 4260; x_wconf 87' lang='lat' dir='ltr'><strong>affirmatione</strong></span> <span class='ocrx_word' id='word_1_230' title='bbox 656 4209 713 4258; x_wconf 91' lang='lat' dir='ltr'><strong>res</strong></span> <span class='ocrx_word' id='word_1_231' title='bbox 723 4183 832 4256; x_wconf 89' lang='lat' dir='ltr'><strong>dubia</strong></span> <span class='ocrx_word' id='word_1_232' title='bbox 846 4185 1056 4283; x_wconf 87' lang='lat' dir='ltr'><strong>aplcrisque</strong></span> <span class='ocrx_word' id='word_1_233' title='bbox 1067 4181 1281 4273; x_wconf 76' lang='lat' dir='ltr'><strong>habebatur,</strong></span> <span class='ocrx_word' id='word_1_234' title='bbox 1302 4179 1314 4230; x_wconf 59' lang='grc' dir='ltr'><em>ἶ</em></span> 
     </span>
    </p>
   </div>
   <div class='ocr_carea' id='block_1_11' title="bbox 221 4303 1125 4480">
    <p class='ocr_par' dir='ltr' id='par_1_11' title="bbox 221 4303 1125 4480">
     <span class='ocr_line' id='line_1_34' title="bbox 221 4303 1106 4408; baseline -0.008 -30"><span class='ocrx_word' id='word_1_235' title='bbox 221 4307 424 4408; x_wconf 87' lang='lat' dir='ltr'><strong>perplures</strong></span> <span class='ocrx_word' id='word_1_236' title='bbox 440 4303 529 4396; x_wconf 90' lang='lat' dir='ltr'><strong>dies,</strong></span> <span class='ocrx_word' id='word_1_237' title='bbox 550 4303 624 4376; x_wconf 93' lang='lat' dir='ltr'><strong>imo</strong></span> <span class='ocrx_word' id='word_1_238' title='bbox 642 4327 783 4375; x_wconf 87' lang='lat' dir='ltr'><strong>menses</strong></span> <span class='ocrx_word' id='word_1_239' title='bbox 798 4317 834 4373; x_wconf 92' lang='lat' dir='ltr'><strong>et</strong></span> <span class='ocrx_word' id='word_1_240' title='bbox 849 4327 963 4401; x_wconf 91' lang='lat' dir='ltr'><strong>prope</strong></span> <span class='ocrx_word' id='word_1_241' title='bbox 978 4325 1106 4374; x_wconf 88' lang='lat' dir='ltr'><strong>annos.</strong></span> 
     </span>
     <span class='ocr_line' id='line_1_35' title="bbox 382 4421 1125 4480; baseline -0.005 0"><span class='ocrx_word' id='word_1_242' title='bbox 382 4443 410 4480; x_wconf 89' lang='lat'><strong>11</strong></span> <span class='ocrx_word' id='word_1_243' title='bbox 1087 4421 1125 4476; x_wconf 72' lang='lat' dir='ltr'><strong>at</strong></span> 
     </span>
    </p>
   </div>
   <div class='ocr_carea' id='block_1_12' title="bbox 0 0 1666 5172">
    <p class='ocr_par' dir='ltr' id='par_1_12' title="bbox 0 0 1666 5172">
     <span class='ocr_line' id='line_1_36' title="bbox 0 0 1666 5172; baseline 0 2"><span class='ocrx_word' id='word_1_244' title='bbox 0 0 1666 5172; x_wconf 95' lang='lat' dir='ltr'><strong> </strong></span> 
     </span>
    </p>
   </div>
  </div>
 </body>
</html>
