3272 5182
227 546 232 562 ⁶
265 581 301 607 '·
375 591 433 648 aar
643 580 900 650 msromanuu
920 591 1101 649 Luoovrcr
1120 591 1163 649 xi

373 722 575 796 faciendam
596 723 817 796 elaboratum
843 722 990 808 exstitit,
1019 723 1119 820 qnod
1143 722 1190 794 ad
1213 746 1294 794 eam
1321 721 1438 820 pacis-

373 838 547 933 cendam,
567 853 639 910 tam
654 839 731 936 ipsa
754 863 862 936 quam
888 839 964 935 ejus
986 836 1096 928 filius,
1116 835 1263 908 adducti
1282 851 1383 929 sunt,
1399 851 1439 906 et

372 979 477 1028 suum
513 956 751 1054 praestiterunt
789 979 985 1026 assensum.
1025 958 1103 1025 Hoc
1141 953 1254 1025 etiam·
1289 951 1435 1041 medio,

372 1071 505 1168 nuptiae
532 1070 707 1168 copulatae
730 1084 814 1141 sunt
841 1069 933 1141 inter
962 1067 1200 1160 Eduardum¹,
1230 1067 1374 1138 Henrici
1399 1081 1438 1138 et

372 1184 523 1280 praesatae
537 1185 668 1280 reginae
687 1182 819 1272 filium,
839 1197 875 1254 et
888 1181 998 1255 filiam
1016 1181 1183 1254 alteram¹
1196 1180 1357 1277 ejusdem
1372 1205 1439 1252 co·

320 1300 326 1316 ²
372 1299 466 1370 mitis
490 1298 535 1370 de
555 1299 743 1392 Warviclr,
763 1323 961 1396 omnesque
986 1296 1200 1370 condonatae
1216 1314 1252 1369 et
1271 1295 1439 1370 obductae

372 1427 527 1503 veteres,
549 1429 846 1512 quantaecumque
870 1415 1147 1513 praecessissent,
1177 1414 1327 1510 injurioe.
1350 1415 1439 1483 Pro·

373 1531 468 1601 misit
492 1546 612 1606 autem
635 1531 753 1604 eidem
781 1535 911 1628 reginae
927 1530 1024 1603 idem
1043 1537 1094 1602 W
1094 1530 1214 1602 arviclr
1229 1532 1263 1602 in
1281 1527 1383 1600 brevi
1398 1552 1439 1598 se

373 1645 447 1741 ejus
475 1647 664 1739 maritum,
690 1648 886 1718 Henricum
901 1671 1041 1742 regem,
1062 1644 1279 1717 educturum
1299 1643 1345 1719 de
1360 1665 1440 1714 car-

371 1785 472 1852 cere,
498 1762 535 1832 in
559 1787 632 1859 quo
648 1763 724 1858 jam
742 1761 851 1858 longo
869 1776 1031 1859 tempore
1050 1755 1439 1856 extabuisset,'ipsum·

372 1880 492 1975 quein
510 1903 661 1975 regnum
675 1904 780 1950 suum
796 1879 1056 1967 restituturum,
1076 1876 1187 1948 modo
1208 1877 1301 1948 hene
1313 1873 1440 1972 coeptis

372 1995 443 2064 suis
460 1996 637 2066 [aventem
655 1999 773 2066 Deum
790 2009 897 2090 atque
914 1995 1110 2093 propitium
1126 1995 1195 2092 (uti
1212 1994 1347 2091 optime
1359 2015 1438 2088 spe·

371 2107 488 2207 rabat)
506 2111 694 2182 inveniret.

419 2229 511 2298 Cum
541 2242 662 2302 autem
692 2226 767 2298 haec
791 2228 885 2299 inter
912 2231 1130 2297 Francorum
1156 2248 1276 2320 regem
1294 2237 1330 2295 et
1345 2247 1438 2319 prae·

265 2388 270 2397 ·
372 2341 487 2414 dictos
504 2340 759 2434 factitarentur,
780 2345 887 2415 etiam
904 2341 1002 2416 aliud
1019 2339 1204 2440 quoddam
1223 2339 1437 2412 sceleratum

372 2459 495 2554 utique
534 2472 569 2531 et
607 2485 681 2531 non
720 2483 848 2557 parurn
878 2459 1092 2555 injuriosum
1118 2456 1279 2545 emersit,
1310 2469 1438 2526 contra

371 2575 547 2669 quosdam
571 2598 748 2673 pauperes
767 2588 895 2646 nautas
920 2572 1130 2645 Hollandiae.
1149 2573 1239 2647 Nam
1253 2595 1336 2642 cum
1353 2569 1438 2642 satis

371 2689 435 2762 diu
452 2705 534 2763 ante
550 2693 753 2788 Sequanam
767 2715 851 2762 cum
865 2690 937 2761 suis
949 2687 1114 2780 navibus,
1136 2687 1312 2760 onerandi
1325 2684 1437 2781 gratia

371 2821 478 2903 atque
507 2807 709 2879 advehendi
737 2807 934 2897 frumenta,
963 2806 1190 2877 intravissent
1208 2820 1242 2876 et
1259 2829 1318 2876 eas
1339 2801 1436 2900 apud

372 2921 658 3018 Rothomagum,
678 2924 907 3021 coemptione
926 2920 972 2992 ab
993 2920 1093 2993 urbis
1109 2936 1145 2992 et
1159 2921 1282 3019 patriae
1298 2941 1435 2990 merca-

372 3037 509 3109 toribus
534 3036 642 3128 facta,
669 3051 899 3124 onerassent,
923 3036 1011 3109 dum
1029 3061 1048 3108 e
1066 3037 1214 3107 flumine
1233 3035 1327 3106 exire
1343 3047 1435 3105 sata·

371 3167 511 3249 gerent,
531 3151 777 3224 asatellitibus
801 3152 934 3251 praeiati
951 3151 1077 3252 perfidi
1095 3152 1141 3224 de
1154 3158 1207 3224 W
1206 3150 1327 3223 urcich
1342 3149 1435 3246 pira·

372 3272 479 3342 ticam
506 3267 731 3359 facientibus,
750 3269 788 3340 in
806 3270 917 3368 ipsius
934 3269 1091 3342 fluminis
1109 3269 1246 3362 limine,
1261 3267 1324 3338 ubi
1336 3287 1434 3335 mare

371 3385 509 3478 influit,
525 3385 620 3482 capti
637 3385 799 3477 suerunt,
819 3409 1019 3483 eorumque
1044 3401 1081 3458 et
1106 3409 1242 3457 merces
1267 3397 1302 3454 et
1325 3404 1434 3453 naves

372 3500 408 3570 in
425 3500 511 3597 ripis
531 3502 703 3597 Sequanae
720 3499 872 3572 venditae
889 3518 924 3572 et
939 3501 1126 3573 distractae.
1152 3502 1232 3588 Qua
1255 3521 1339 3568 cum
1355 3519 1433 3566 sus·

371 3630 475 3713 cepta
499 3616 647 3713 injuria,
667 3617 795 3688 iterum
814 3617 996 3715 querulosi
1010 3642 1052 3689 ac
1069 3631 1251 3713 gementes
1266 3629 1301 3686 et
1318 3615 1434 3684 tristes

371 3732 416 3802 ad
442 3730 629 3803 dominum
646 3759 772 3822 suum,
795 3733 1093 3830 Burgundionum
1106 3732 1255 3821 ducem,
1277 3729 1432 3802 revenis-

417 3975 441 4028 1.
465 3968 489 4026 ΙΙ
505 3967 609 4047 portait
624 3967 650 4025 ie
666 3967 730 4027 titre
743 3968 780 4026 de
793 3968 892 4047 priuce
906 3968 943 4027 de
960 3967 1072 4039 Gades,
1091 3985 1203 4024 comme
1219 3964 1343 4022 l'auteur
1357 3962 1432 4020 Pex-

372 4056 503 4134 piiquera
516 4057 581 4136 pius
594 4056 665 4115 loin.

412 4153 440 4206 2.
464 4153 579 4208 L'autre
599 4148 667 4206 erait
687 4148 752 4220 dejd
774 4148 881 4207 mariis
896 4167 933 4206 au
949 4146 1006 4204 duc
1020 4147 1056 4207 de
1072 4148 1224 4220 clarence,
1244 4145 1319 4203 frere
1335 4142 1374 4200 du
1388 4141 1433 4199 roi

371 4225 523 4310 iidouard,
542 4237 593 4314 qui
608 4249 650 4294 est
668 4237 833 4296 mentionne
851 4237 916 4316 plus
934 4235 1003 4294 haut
1021 4255 1134 4294 comme
1147 4236 1251 4294 s'etant
1269 4233 1380 4312 resugie
1396 4249 1432 4289 en

372 4331 480 4387 France
493 4345 563 4386 avec
580 4326 607 4385 le
621 4342 715 4386 comte
729 4328 766 4386 de
779 4328 930 4387 Warwick.
