3014 5010
551 415 660 474 ussa
689 413 892 474 secmtbtts.
1199 416 1256 474 119

191 548 288 622 bello
303 546 447 646 aggredi
473 562 509 620 et
532 571 617 619 cum
633 571 678 618 eo
706 545 890 619 dimicare.
919 544 1088 618 Nonnulli
1109 545 1256 644 quidem

191 665 312 737 conati
330 677 413 736 sunt
427 663 633 736 conflictum
653 661 699 735 ad
717 677 926 760 sequentem
945 662 1041 734 diem
1061 661 1177 734 lacere
1191 662 1256 734 dit-

192 779 289 871 ferri,
309 803 353 852 eo
369 779 468 877 quod
484 779 566 877 equi
581 795 688 876 atque
706 776 834 849 milites
849 779 930 850 lassi
942 791 978 848 et
992 778 1123 874 fatigati
1139 777 1258 850 forent

191 921 234 968 ex
266 896 373 970 celeri
401 910 437 968 et
467 894 576 992 longa
608 895 826 992 equitatione
841 898 869 985 ¹,
904 896 1010 966 etiam
1040 895 1138 992 quod
1172 894 1257 969 solis

190 1027 312 1103 aestus,
333 1012 395 1110 qui
422 1028 510 1084 tnnc
537 1012 622 1084 satis
647 1010 883 1085 incalescebat
904 1011 1010 1107 (narn
1029 1012 1163 1082 mensis
1177 1011 1256 1107 julii

191 1129 294 1226 erat),
310 1144 347 1201 et
358 1129 524 1202 homines
541 1143 576 1200 et
592 1152 707 1226 equos
724 1128 921 1226 plurimum
937 1126 1164 1223 aggravabat.
1186 1127 1257 1199 Sed

190 1248 279 1344 regis
296 1271 467 1320 accensus
487 1246 639 1318 nimium
659 1246 696 1316 in
718 1245 840 1317 hostes
867 1244 967 1317 furor
992 1244 1030 1316 id
1050 1245 1256 1343 permittere
1315 1296 1320 1309 1

189 1388 259 1437 non
274 1365 406 1462 potuit.

235 1481 424 1580 Dispositis
458 1481 579 1577 itaque
614 1478 782 1575 utrinque
817 1476 981 1569 aciebus,
1014 1477 1096 1551 satis
1130 1478 1258 1553 acriter
1295 1474 1318 1500 ²

186 1611 387 1694 pugnatum
403 1611 478 1686 est,
496 1593 653 1667 conlusis
668 1608 790 1667 tamen
807 1608 842 1665 et
862 1595 1011 1666 minime
1028 1595 1175 1668 servatis
1193 1618 1253 1668 or·

185 1710 353 1802 dinibus;
372 1709 436 1784 sed
460 1734 502 1783 es
526 1723 677 1807 utraque
703 1723 803 1810 parte
827 1734 943 1808 pavor
969 1724 1004 1781 et
1031 1723 1146 1781 metus
1171 1711 1254 1783 satis

188 1831 339 1928 turpiter
351 1842 388 1902 et
404 1829 643 1926 ignominiose
658 1830 845 1930 perplures
864 1830 986 1928 lugam
1001 1828 1157 1926 arripere
1171 1850 1255 1900 coe-

186 1946 247 2043 git.
271 1949 319 2017 Ex
337 1948 429 2042 regis
445 1947 620 2039 exercitu,
639 1962 680 2019 ut
703 1947 893 2034 ferebatur,
915 1971 1038 2019 comes
1055 1947 1256 2017 Cenoman-

185 2063 274 2133 niae¹
308 2076 342 2135 et
377 2063 546 2136 dominus
572 2065 618 2137 de
644 2064 938 2138 Monte-Albani·
967 2088 1051 2135 curn
1082 2060 1255 2133 sexcentis

184 2175 240 2248 vel
257 2178 489 2276 septingentis
503 2179 658 2267 lanceis,
682 2180 846 2253 hostibus
862 2204 930 2253 nec
945 2181 1028 2251 visis
1044 2232 1053 2267 ,
1072 2176 1140 2249 nisi
1162 2177 1253 2251 forte

184 2290 231 2363 de
243 2295 386 2390 procul,
408 2295 528 2391 sugam
547 2296 698 2393 turpiter
717 2309 944 2394 acceperunt.
971 2292 1139 2365 Similiter
1154 2307 1190 2364 et
1205 2292 1253 2366 de

187 2409 484 2506 burgundionum
501 2412 654 2482 exercitu
672 2411 890 2498 serebantur,
915 2426 986 2482 tam
1008 2408 1053 2480 de
1072 2407 1252 2504 equitibus

183 2550 292 2623 quam
317 2527 363 2597 de
389 2525 587 2625 peditibus,
613 2526 696 2624 fuga
715 2526 824 2626 elapsi
849 2527 942 2599 ultra
966 2540 1122 2622 quatuor
1144 2522 1252 2595 millia

183 2643 360 2732 virorum3
381 2642 550 2740 equibus
573 2642 736 2743 prolecto
762 2644 864 2714 multi
882 2644 961 2715 caesi
983 2641 1149 2740 captique
1175 2640 1250 2712 fue·

181 2773 284 2847 runt,
311 2775 384 2831 tam
410 2783 431 2830 a
454 2759 593 2831 rusticis
616 2761 754 2859 patriae,
774 2757 883 2857 qdam
909 2759 954 2832 ab
978 2757 1121 2830 armatis
1147 2757 1251 2853 regiis

181 2876 244 2974 qui
264 2890 351 2950 tunc
369 2900 437 2976 pro
451 2876 615 2948 custodia
639 2876 777 2948 Parisiis
792 2891 906 2948 erant.
931 2876 1002 2963 Qui
1019 2900 1056 2947 se
1072 2899 1137 2973 per
1150 2898 1247 2945 cam·

179 3016 246 3091 pos
263 2991 452 3066 fundentes
476 3007 512 3064 et
537 2992 681 3082 vineas,
711 2991 928 3091 fugientibus
945 2992 1097 3090 graviter
1129 2991 1246 3067 immi,-

181 3108 326 3181 nebant.
446 3185 455 3204 ⁸

229 3227 269 3295 ln
287 3248 329 3297 ea
350 3248 437 3296 vero
455 3248 535 3321 quae
552 3239 719 3296 conserta
735 3238 787 3296 est
803 3247 946 3323 pugna,
964 3224 1043 3322 ipso
1071 3223 1153 3294 loco
1177 3247 1245 3322 pu-

181 3362 276 3435 gnae,
311 3339 441 3411 mortui
471 3339 517 3411 de
552 3341 718 3437 utrinque
752 3340 886 3412 inventi
916 3354 1000 3411 sunt
1029 3364 1143 3438 prope
1171 3337 1246 3410 duo

182 3452 302 3526 millia.
327 3455 502 3527 Dicebant
524 3456 609 3552 regii
627 3456 748 3555 plures
764 3481 783 3528 e
800 3454 1140 3552 Burgundionibus,
1159 3460 1245 3528 Bur-

180 3567 381 3668 gundiones
397 3595 483 3644 vero
505 3597 524 3642 e
546 3574 692 3643 Francis
707 3571 827 3670 plures
850 3570 1031 3644 cecidisse.
1054 3571 1107 3643 lbi
1125 3586 1245 3644 autem

180 3684 300 3785 plures
324 3686 408 3783 equi
430 3710 514 3759 cum
539 3688 624 3760 viris
647 3688 853 3786 interempti
876 3700 978 3781 sunt,
1006 3702 1041 3760 et
1064 3702 1139 3760 crat
1161 3687 1245 3759 satis

181 3801 408 3876 lamentabile
431 3804 527 3877 viros
552 3804 647 3877 inter
670 3828 817 3877 acervos
845 3828 1022 3902 equorum
1038 3816 1244 3904 peremptos

107 3997 110 4000 ¹
221 4011 250 4068 l.
273 4009 312 4066 Ils
326 4009 432 4068 etaient
448 4028 539 4068 venus
553 4010 590 4069 de
602 4009 688 4069 Riom
706 4029 743 4069 en
759 4009 807 4068 dix
819 4011 911 4085 jours.

218 4101 248 4157 2.
271 4097 390 4158 charles
402 4097 540 4173 d’Anjou,
554 4113 648 4159 comte
662 4098 702 4158 du
716 4099 821 4162 Maine.

219 4191 249 4248 3.
271 4192 344 4248 Jean
357 4188 395 4248 de
408 4187 597 4262 Montaubau,
612 4189 713 4249 amital
727 4189 764 4248 de
777 4193 898 4250 France.
