3282 5168
346 521 404 580 tte
617 520 877 580 msromrtnun
896 520 1075 580 tunovtct
1094 520 1137 578 XI

345 652 463 750 ipsum
472 652 522 725 sic
534 651 718 726 detinuit¹.
727 655 809 740 Quo
823 651 1035 726 decurrente
1050 667 1230 751 tempore,
1247 677 1332 728 cum
1346 679 1409 728 ne·

345 767 396 840 ias
411 766 623 866 hujusmodi
633 782 708 842 tam
724 767 795 840 dux
816 767 1026 864 Burgundiae
1039 791 1149 865 quam
1166 766 1242 840 dux
1253 767 1409 842 Clivien-

345 884 391 956 sis
403 887 426 974 ¹,
444 883 637 982 pluresque
661 883 720 955 alii
743 907 784 954 ex
801 883 1077 979 consanguineis
1101 897 1138 955 et
1165 884 1290 957 amicis
1306 883 1408 958 ducis

345 1014 615 1080 exsecrarentur·
636 1012 672 1072 et
694 998 849 1072 multum
873 1023 964 1097 aegre
988 999 1139 1091 ferrent,
1159 1001 1235 1098 ipse
1248 999 1322 1072 dux
1338 1000 1410 1073 Cli-

346 1116 474 1190 viensis
507 1115 554 1188 ad
580 1139 665 1188 eum
687 1115 915 1188 liberandum
949 1129 1078 1188 contra
1104 1114 1219 1188 filium
1249 1139 1350 1190 arma
1374 1133 1411 1190 et

345 1255 509 1328 guerram
527 1230 660 1318 movit,
677 1244 723 1302 et
751 1253 862 1327 usque
888 1228 925 1300 in
954 1227 1138 1302 Geldriam
1163 1230 1319 1302 intravit.
1339 1232 1410 1304 Sed

345 1370 430 1418 cum
446 1344 539 1416 filius
557 1344 695 1419 auxiliis
710 1345 1050 1440 Noviomagensium
1072 1358 1107 1430 et
1127 1344 1284 1443 plurium
1305 1345 1411 1419 nobi·

345 1462 433 1534 lium
458 1451 579 1560 patrias
602 1461 752 1560 stipatus
770 1475 804 1532 et
823 1461 953 1534 obvius
969 1462 1199 1551 occurrisset,
1218 1457 1412 1561 ¹compluri-

346 1578 413 1652 bus
437 1580 534 1652 caesis
560 1593 595 1652 et
627 1577 865 1679 captiv[at]is‚
894 1579 1011 1650 fusum
1039 1593 1075 1650 et
1102 1578 1263 1676 iugatum
1290 1581 1411 1679 patriae

348 1695 478 1791 finibus
493 1697 609 1794 ejecit.
1357 1679 1365 1695 ’

394 1817 439 1884 Bt
455 1813 629 1912 quoniam
647 1809 743 1884 idem
768 1811 862 1883 filius
877 1834 953 1883 non
980 1811 1167 1908 ignorabat
1192 1813 1411 1912 impietatem

347 1952 448 2002 suam
485 1928 717 2001 vehementer
745 1925 934 2024 displicere
973 1929 1272 2025 Burgundionum
1305 1931 1410 2024 duci,

347 2044 423 2141 ejus
448 2043 644 2142 potentiam
671 2042 867 2115 formidans
894 2043 1061 2116 studebat
1088 2044 1221 2118 foedera
1247 2047 1414 2121 cumbis

347 2158 539 2255 copulare,
566 2181 658 2260 quos
682 2158 729 2231 ad
755 2183 839 2230 eum
861 2158 917 2231 vel
943 2160 1145 2232 inimicitias
1170 2160 1328 2257 habere,
1354 2163 1412 2237 vel

342 2274 423 2370 ejus
453 2275 586 2373 pariter
607 2275 702 2346 vires
727 2290 834 2374 atque
855 2276 1055 2374 potentiam
1073 2291 1233 2350 metuere
1256 2304 1414 2378 cognos-

346 2390 461 2463 cebat.
480 2391 777 2491 Unde‚1quamvis
793 2393 869 2492 ipse
884 2415 978 2464 unus
995 2407 1142 2466 essetex
1158 2393 1306 2468 delectis
1323 2396 1413 2468 mili·

348 2505 463 2599 ribus,
492 2509 629 2607 insigne
655 2509 954 2607 Burgundionum
980 2509 1115 2583 ducum
1142 2510 1276 2583 monile
1305 2526 1414 2612 atque

347 2624 507 2720 signum,
527 2624 649 2697 Vellus
662 2625 797 2698 scilicet
818 2649 969 2698 aureum
981 2627 1011 2717 ⁸,
1027 2625 1273 2700 deserentibus
1289 2627 1414 2726 (cujus

347 2741 486 2814 ratione
504 2742 641 2841 magnis
655 2740 833 2815 fidelitatis
852 2744 1082 2816 sacramentis
1100 2743 1216 2816 eidem
1233 2743 1335 2834 duci,
1347 2746 1414 2842 qui

347 2857 423 2954 ejus
445 2871 556 2930 coetus
577 2873 685 2957 atque
708 2858 932 2956 fraternitatis
953 2861 1143 2952 exsistunt,
1167 2860 1336 2958 conjungi
1362 2876 1413 2933 te·

347 2972 502 3068 nentur)
518 2997 538 3062 ‚‘
560 2973 738 3046 ferebatur
762 2989 884 3046 tamen
913 3000 998 3047 cum
1030 2973 1237 3049 Frisonibus
1267 2975 1415 3076 aliisque

347 3087 532 3163 nonnullis
559 3085 674 3162 ioedus
701 3089 910 3188 copulasse,
931 3091 994 3189 qui
1017 3086 1314 3189 Burgundionum
1328 3091 1414 3165 duci

346 3229 471 3304 parere
488 3205 787 3296 contemnebant,
806 3205 1083 3308 sollicitassaque
1109 3207 1251 3305 aliquos
1274 3208 1414 3282 nobiles

346 3335 456 3418 atque
487 3320 623 3419 oppida
645 3308 861 3414 Hollandiae,
882 3336 922 3394 ut
941 3348 997 3395 res
1023 3313 1135 3396 novas
1160 3323 1197 3394 in
1213 3323 1414 3424 ‚Hotlandia

346 3435 516 3509 adversus
541 3437 672 3509 ducem
700 3437 930 3534 Burgundiae,
960 3438 1152 3512 dominum
1178 3464 1300 3528 suum,
1320 3440 1414 3512 exci-

347 3563 465 3624 tarent
483 3577 491 3620 ε
511 3549 642 3649 quibus
658 3553 734 3651 ipse
750 3553 883 3624 auxilio
904 3551 1092 3626 adfuturus
1109 3553 1213 3627 foret.

398 3670 510 3739 Porro
526 3693 611 3740 cum
629 3669 705 3766 ejus
730 3667 902 3743 sactiones
931 3684 971 3754 et¹
993 3671 1179 3743 molimina
1205 3669 1414 3768 hujusmodi

348 3787 646 3884 Burgundionum
671 3787 756 3861 duci
780 3788 1038 3876 innotuissent,
1066 3792 1128 3887 qui
1154 3775 1281 3889 saepius
1304 3788 1351 3862 ab
1368 3813 1415 3862 ao

345 3905 592 3976 commonitus
606 3902 732 3994 fuerat,
747 3904 855 3976 variis
870 3904 1036 3978 etiamad
1051 3915 1135 3978 enm
1154 3907 1307 4005 proinde
1319 3905 1414 4004 lega-

389 4093 418 4146 l.
441 4090 514 4164 Cinq
532 4085 605 4146 mois
618 4086 790 4158 seulement,
801 4086 883 4147 selon
896 4086 1070 4163 Comminus,
1084 4085 1105 4148 l.
1120 4089 1172 4162 IV,
1185 4108 1211 4144 c.
1229 4109 1252 4149 1.
1285 4141 1288 4144 .

388 4184 418 4240 2.
441 4185 529 4254 lean,
546 4179 602 4240 duc
615 4179 652 4240 de
665 4180 783 4250 Cleves,
800 4180 971 4242 beau-irena
986 4180 1025 4240 dn
1039 4181 1250 4242 duc‘Amould.

390 4273 418 4332 3.
441 4271 564 4334 L’ordre
577 4271 614 4331 ds
625 4271 654 4332 la
667 4271 771 4332 Toison
785 4271 866 4332 d’Or.
