3014 5010
310 447 348 504 re
571 445 839 518 ,msronrmuu
859 443 1036 501 nunovlu
1055 443 1097 499 ru

309 579 421 651 ricam
445 577 662 650 Britanniam
689 577 869 650 visitatum
889 589 1062 674 pergeret.
1086 578 1165 646 Dux
1188 575 1289 646 enirn
1312 598 1384 672 pa-

309 694 415 785 triae¹,
441 694 503 791 qui
524 693 622 791 apud
642 692 850 765 defunctum
874 691 1046 764 Carolum
1073 692 1188 763 suerat
1214 691 1384 762 nutritus

309 823 345 880 et
361 809 508 905 gratiam
520 833 686 906 magnam
697 809 793 906 apud
809 833 893 879 eum
907 809 1108 900 invenerat,
1126 808 1277 878 minime
1287 831 1384 877 cum

309 921 386 994 aliis
417 924 515 1019 regni
547 924 757 1023 proceribus
790 924 826 994 in
857 924 944 993 novi
976 923 1068 1018 regis
1100 922 1384 993 consecratione

311 1040 441 1131 Remis,
459 1041 579 1112 necin
597 1039 757 1134 ejusdem
775 1040 984 1138 exceptione
1002 1038 1154 1128 Parisiis,
1175 1037 1358 1110 adfuerat.

358 1160 443 1229 Erat
468 1172 545 1228 tum
568 1155 716 1253 quidam
743 1157 931 1255 episcopus
956 1157 1223 1247 Naunetensis¹,
1253 1179 1274 1226 a
1299 1179 1381 1252 quo

310 1297 394 1344 cum
406 1273 479 1345 dux
498 1275 702 1365 Britanniae,
721 1273 768 1346 ad
783 1295 926 1346 causam
941 1274 1193 1373 temporalium
1210 1272 1382 1344 Ecclesiae

309 1415 402 1478 suae,
423 1392 600 1465 fidelitatis
611 1407 873 1464 sacramentum
884 1406 1111 1490 exposceret,
1125 1393 1244 1491 ipsum
1255 1389 1380 1462 eidem

308 1523 474 1608 praestare
493 1511 686 1599 recusavit,
707 1534 867 1581 asserens
882 1535 957 1581 nou
983 1508 1069 1581 duci
1091 1509 1154 1581 sed
1172 1509 1246 1604 regi
1263 1512 1381 1579 Fran-

309 1649 436 1697 corum
454 1626 625 1698 duntaxat
642 1625 731 1697 illud
755 1641 919 1724 prestare
943 1624 1094 1717 debere,
1113 1649 1223 1723 seque
1239 1623 1286 1696 dc
1304 1622 1382 1696 hoc

308 1758 445 1816 veteres
461 1768 587 1839 regum
602 1759 716 1815 cartas
727 1759 762 1816 et
775 1743 893 1815 valida
909 1742 1043 1815 habere
1057 1743 1288 1816 documenta.
1308 1744 1381 1813 Cui

308 1884 416 1948 curn,
434 1858 484 1931 ob
498 1858 707 1954 hujusmodi
720 1861 1000 1950 recusationem,
1015 1859 1089 1931 dux
1106 1859 1307 1932 admodum
1322 1860 1382 1930 in·

309 1975 430 2047 sensus
446 1990 558 2062 esset,
578 1976 653 2074 ipse
671 2001 756 2048 curn
775 1977 881 2048 cartis
898 1990 934 2047 et
948 1975 1141 2074 privilegiis
1156 1974 1228 2046 suis
1254 1999 1381 2071 regem
1436 1971 1440 1982 “

309 2089 409 2162 adiit.
428 2095 545 2179 Quem
562 2114 645 2161 cum
660 2091 705 2162 de
724 2093 844 2163 multis
862 2091 908 2164 ad
923 2114 1067 2163 causam
1084 2114 1193 2187 quam
1208 2090 1381 2164 detensa-

310 2205 372 2277 bat
393 2206 625 2279 attinentibus
643 2208 886 2300 informasset,
908 2222 949 2279 ut
968 2233 1052 2278 eum
1077 2207 1249 2280 adversus
1269 2207 1380 2280 ducis

310 2327 506 2422 potentiam
525 2339 710 2413 tutaretur,
730 2328 838 2399 etiam
857 2325 929 2397 hoc
947 2325 1023 2421 regi
1047 2325 1259 2422 suggessisse
1281 2324 1377 2397 fere·

308 2441 416 2513 batur
428 2442 527 2541 quod
544 2444 666 2516 civitas
676 2443 911 2515 Nannetensis
926 2456 961 2513 et
979 2441 1101 2513 civitas
1114 2440 1379 2514 Sancti-Maelo-

309 2558 375 2647 vii,
395 2584 478 2630 cunr
494 2557 678 2630 nonnullis
693 2558 772 2630 aliis
785 2558 873 2629 locis
888 2557 1094 2650 Britanniae,
1109 2556 1155 2629 ad
1165 2558 1223 2654 jus
1234 2557 1377 2654 regium

310 2688 345 2745 et
361 2699 434 2745 non
453 2674 499 2746 ad
517 2674 646 2746 ducem
663 2675 842 2772 pertinere
859 2673 1060 2745 deberent³.

359 2791 511 2863 Visitaus
529 2792 646 2886 itaque
669 2815 731 2861 rex
750 2790 937 2862 Britanniae
955 2805 1084 2881 terras,
1102 2815 1122 2861 a
1138 2789 1278 2862 ducein
1295 2794 1376 2890 ipsa

353 3051 382 3108 l.
405 3046 553 3122 Francois,
567 3044 721 3105 deuxieme
737 3044 778 3102 du
794 3064 873 3108 nom.

350 3140 381 3194 2.
401 3141 530 3212 Amaury
546 3134 697 3214 d’Aciguc,
715 3154 820 3215 promu
838 3155 876 3194 au
898 3136 977 3218 siege
996 3136 1141 3216 episcopal
1162 3137 1199 3198 de
1221 3141 1328 3196 Nautes
1348 3137 1377 3195 le

311 3227 349 3283 29
364 3244 441 3282 mars
455 3227 545 3296 1⁴62,
560 3243 613 3302 par
626 3224 699 3283 suite
714 3223 751 3282 de
765 3224 793 3282 lu
803 3224 978 3304 resignation
990 3225 1027 3283 de
1040 3246 1094 3284 son
1103 3227 1199 3300 oncle,
1210 3226 1377 3286 Guillaume

310 3312 347 3372 de
360 3312 530 3386 Maiestroit,
544 3313 595 3391 qui
609 3314 685 3372 avait
698 3317 865 3374 commence
877 3329 951 3376 cette
966 3317 1097 3395 querelle
1108 3317 1149 3377 du
1162 3329 1288 3379 serment
1302 3335 1375 3376 avec

315 3404 343 3462 le
359 3404 407 3462 seu
423 3404 479 3462 duc
493 3408 581 3462 Artus
594 3404 630 3463 de
645 3410 796 3484 Bretagne.

352 3496 381 3552 3.
403 3493 539 3552 L’asiaire
552 3494 589 3552 de
602 3494 736 3573 leveque
747 3495 784 3554 de
798 3501 905 3556 Nautes
918 3498 1026 3558 n'arait
1039 3518 1090 3578 pas
1104 3498 1132 3557 le
1145 3498 1290 3556 caractere
1304 3514 1377 3575 per·

311 3582 412 3641 sonuel
429 3602 487 3660 que
501 3583 625 3643 l'auteur
638 3585 741 3644 allecte
760 3584 796 3645 de
811 3586 852 3644 lui
868 3586 991 3662 donner,
1010 3588 1134 3668 puisque
1148 3587 1176 3645 la
1189 3588 1324 3664 question
1337 3584 1377 3643 de

311 3671 339 3729 la
355 3671 453 3751 regale
466 3692 486 3748 y
497 3673 566 3733 etait
578 3686 721 3734 contenue
735 3688 797 3734 tout
809 3675 931 3748 enuere,
946 3689 974 3736 et
988 3677 1057 3755 qu'il
1074 3676 1215 3756 s’agissait
1227 3675 1264 3735 de
1278 3672 1378 3733 savoir

308 3762 335 3821 si
350 3761 378 3818 le
394 3759 450 3818 duc
467 3760 504 3819 de
519 3767 661 3842 Bretagne
675 3763 822 3843 possedait
839 3767 856 3823 l
872 3764 949 3824 droit
964 3787 1002 3826 ou
1020 3770 1036 3825 a
1051 3779 1108 3825 tort
1121 3767 1163 3825 les
1176 3765 1378 3844 prerogatives

311 3849 348 3907 de
361 3849 389 3906 la
403 3852 603 3912 souverainete
616 3852 687 3931 qu'il
699 3854 870 3913 s’attribuait
883 3875 1008 3935 presque
1023 3871 1128 3916 tontes.
1141 3860 1219 3915 Pour
1230 3855 1377 3914 s'eclairer

311 3955 361 3996 sur
371 3950 445 3998 cette
457 3941 588 4015 maticre,
599 3940 620 3999 il
632 3942 693 4000 saut
705 3943 759 4002 lire
770 3942 812 4000 les
823 3943 978 4002 memoires
989 3946 1213 4025 diplomatiques
1226 3943 1378 4022 imprimes

310 4047 365 4105 par
375 4032 410 4088 D.
428 4031 534 4089 Murice
553 4031 625 4089 dans
643 4031 671 4090 le
689 4044 710 4091 t.
730 4036 775 4090 111
788 4031 838 4090 des
857 4050 982 4110 preuves
994 4035 1031 4096 de
1043 4055 1096 4094 sou
1110 4041 1237 4093 Histoire
1252 4037 1376 4091 deBre-

311 4129 414 4194 tagre,
430 4130 458 4176 et
471 4119 735 4197 particulierement
751 4117 780 4179 la
795 4121 877 4201 piece
892 4121 943 4197 qui
959 4142 990 4182 se
1006 4137 1107 4184 trouve
1124 4123 1182 4182 ala
1195 4142 1270 4201 page
1283 4125 1322 4180 ll
1337 4121 1376 4180 de

309 4224 342 4264 ce
357 4207 483 4267 volume.
