3272 5182
543 561 654 619 mam
674 561 874 620 sumanus.
1184 563 1242 620 rsa
1345 545 1347 550 ’

179 690 333 780 satione,
353 689 545 790 conjugem
564 703 748 788 acceperat
773 692 948 788 priorem,
962 689 1023 792 vuti
1048 704 1130 762 ante
1151 689 1245 762 dixi-

179 831 276 898 mus3
291 806 482 907 episcopus
495 821 618 880 autem
630 804 848 896 leodiensis,
867 805 1084 904 quicumque
1097 819 1166 901 est,
1178 805 1245 880 do·

180 923 299 994 minus
328 938 381 995 est
410 923 561 996 civitatis
587 938 623 995 et
647 922 771 1022 patriae
796 922 922 1015 totius,
955 936 1029 994 tam
1054 921 1246 1020 spiritualis

178 1063 289 1138 quam
303 1041 524 1138 temporalis.
543 1040 614 1113 Sed
631 1039 682 1113 illi
697 1040 869 1114 cervicosi
887 1055 922 1111 et
939 1038 1084 1140 superbi
1100 1040 1244 1139 populi,

179 1155 469 1229 dominationem
493 1156 583 1230 ferre
607 1181 683 1229 non
707 1156 887 1248 volentes,
912 1155 976 1228 sed
999 1155 1190 1229 dominum
1213 1170 1249 1228 et

179 1288 361 1372 pastorem
391 1296 498 1346 suum
523 1273 590 1347 sub
615 1297 682 1346 sua
701 1273 827 1372 potius
852 1272 989 1346 ditione
1014 1287 1050 1352 et
1075 1287 1249 1372 potestate

179 1389 342 1487 redigere
363 1405 471 1488 atque
487 1390 690 1490 deprimere
705 1389 896 1482 malentes,
914 1403 1042 1464 contra
1058 1389 1251 1464 officiarios

179 1503 437 1580 ecclesiasticos
458 1506 619 1604 ejusdem
639 1508 696 1578 sui
714 1504 908 1605 pontificis,
927 1531 992 1605 per
1012 1521 1126 1580 totam
1149 1533 1251 1608 paene

180 1624 377 1721 dioecesim,
391 1626 617 1702 temerariam
627 1649 669 1698 ac
683 1639 1006 1725 praesumptuosam
1018 1625 1125 1697 nimis
1138 1626 1253 1698 insur-

180 1744 379 1817 rectionem
407 1757 443 1816 et
473 1743 669 1815 tumultum
694 1741 878 1842 plebeium
904 1756 1012 1838 atque
1039 1742 1252 1841 poprdarem

181 1858 344 1933 fecerunt
368 1875 404 1933 et
431 1862 669 1954 suscitarunt,
701 1859 790 1932 alios
814 1857 989 1931 caedendo
1018 1873 1126 1957 atque
1156 1859 1253 1932 occi-

180 1975 317 2072 dendo,
339 1977 429 2052 alios
447 1976 556 2050 bonis
574 1977 746 2079 spoliatos
764 1977 977 2073 gravissimis
995 1976 1145 2074 injuriis,
1164 2003 1253 2051 con·

182 2092 337 2164 tumeliis
359 2108 395 2165 et
418 2092 560 2166 damnis
582 2091 785 2166 afficiendo.
811 2097 856 2166 Et
877 2091 954 2165 haec
974 2090 1040 2164 fuit
1059 2093 1176 2192 prima
1199 2094 1254 2166 sui

181 2208 291 2280 totius
308 2208 438 2282 luroris
456 2210 557 2308 origo
575 2223 611 2282 et
627 2209 782 2282 initium.

231 2329 398 2399 Fatemur
409 2309 917 2425 quidem'(quemadm0dum,
934 2324 1029 2399 fama
1042 2323 1115 2398 fide
1129 2325 1253 2424 digno·

181 2468 263 2514 rum
288 2442 482 2516 hominum
509 2443 707 2536 referente,
737 2441 963 2540 audivimus)
992 2443 1113 2540 potius
1141 2467 1251 2541 quam

182 2585 310 2633 senum
329 2573 366 2632 et
384 2560 546 2658 gravium
565 2573 673 2656 atque
691 2559 885 2631 doctorum
901 2559 1065 2632 virorum
1082 2560 1250 2656 frequen-

184 2678 252 2751 tius
283 2679 525 2777 acquiesceret
557 2676 734 2769 consiliis,
763 2701 827 2749 seu
855 2702 900 2748 ex
926 2675 1158 2774 negligentia,
1188 2703 1252 2752 seu

183 2793 285 2888 alias,
312 2796 424 2868 multa
445 2784 528 2868 eum
555 2793 724 2867 tolerasse
749 2792 795 2866 de
818 2794 891 2865 suis
913 2792 1018 2865 dictis
1039 2792 1252 2868 officialibus

183 2924 219 2981 et
234 2911 483 3003 servitoribus,
504 2911 567 3010 qui
583 2911 781 3010 plurimum
797 2925 898 2984 erant
915 2935 936 2984 a
952 2910 1094 2982 tramite
1108 2912 1252 3010 justitiae

183 3041 218 3098 et
231 3028 403 3126 aequitatis
416 3027 568 3128 [alieni];
584 3029 634 3101 ita
644 3027 746 3126 quod
757 3053 823 3128 per
832 3053 959 3101 eorum
971 3028 1090 3100 varios
1100 3028 1247 3123 abusus,

183 3147 450 3240 concussiones,
462 3147 672 3240 calumnias,
685 3145 835 3221 doloset
846 3146 1004 3245 rapinas,
1019 3146 1145 3245 populi
1156 3147 1250 3220 illius

184 3277 303 3355 terrae,
334 3265 396 3362 qui
421 3263 468 3336 ad
493 3263 577 3336 talia
599 3263 664 3336 diu
686 3262 876 3337 toleranda
895 3262 1019 3336 idonei
1041 3289 1117 3336 non
1145 3265 1247 3362 sdnt,

183 3379 290 3454 valde
316 3381 470 3479 graviter
499 3379 790 3480 premebantur¹.
821 3384 955 3456 Contra
986 3407 1078 3480 quos
1110 3408 1250 3458 errores

184 3496 213 3568 si
240 3522 306 3596 per
329 3497 425 3569 viam
447 3496 538 3593 juris
564 3511 599 3568 et
624 3497 767 3593 justitiae
791 3497 950 3570 remedia
976 3516 1246 3597 procurassent,

183 3608 381 3681 consultius
417 3607 532 3680 multo
564 3608 740 3705 egissent,
773 3633 882 3707 quam
912 3609 970 3683 via
1001 3610 1083 3683 sacti
1118 3628 1154 3684 et
1192 3628 1249 3686 tu·

183 3725 375 3800 multuaria
398 3723 524 3825 populi
549 3724 806 3799 insurrectione
832 3725 882 3798 ita
902 3749 964 3800 eos
989 3727 1164 3822 caedibus,
1193 3755 1249 3804 ra-

208 3966 254 4021 ι1.
277 3965 415 4020 L’auteur
437 3959 532 4020 aurait
552 3958 592 4018 du
612 3959 725 4034 ajouter
749 3979 807 4037 que
827 3971 873 4020 cet
892 3957 1005 4040 duoque
1022 3962 1087 4023 leur
1106 3965 1185 4025 avait
1204 3965 1249 4025 ete

182 4051 294 4132 impose
306 4049 436 4128 lorsqu'il
450 4047 550 4108 n'etait
565 4068 617 4129 pas
630 4067 735 4109 encore
746 4051 844 4130 pretre
858 4062 887 4110 et
902 4050 974 4130 qu’il
986 4051 1087 4112 n’etait
1098 4074 1151 4134 pas
1166 4053 1249 4137 d'age

184 4147 200 4202 a
212 4142 240 4202 le
254 4139 376 4202 devenir
393 4139 430 4199 de
443 4139 623 4220 longtemps;
637 4152 666 4200 et
684 4159 741 4218 que
755 4160 830 4221 pour
842 4140 885 4201 les
899 4142 971 4204 taire
985 4142 1065 4218 jouir
1076 4142 1113 4202 de
1131 4163 1165 4203 ce
1178 4165 1250 4224 pas-

185 4245 250 4293 teur
272 4243 300 4291 et
317 4231 469 4311 seigneur,
491 4249 530 4290 ou
548 4229 626 4290 avait
649 4230 793 4292 contraint
814 4233 832 4290 d
854 4250 885 4294 se
902 4231 1044 4293 demettre
1069 4251 1110 4295 un
1133 4233 1251 4296 homme

185 4321 259 4382 aime
272 4337 302 4382 et
315 4320 423 4382 vendre
436 4320 508 4381 dans
521 4332 584 4380 tout
597 4320 626 4380 le
638 4339 720 4402 pays.

343 4452 372 4491 u
1052 4433 1091 4492 13
1173 4452 1180 4466 ’
