3402 5186
367 558 406 614 rr
640 509 1157 612 msromannnnnnoncrxr

337 785 341 794 ἡ
369 692 448 788 ipso
462 687 554 760 duce
570 686 632 759 diu
646 697 813 784 quaestus,
825 684 971 758 tandem
986 685 1123 780 rogavit
1135 685 1330 786 principes*
1343 712 1431 785 qna·

368 819 473 877 tenus
494 804 527 876 ei
549 802 713 896 fideliter,
734 803 772 874 in
790 799 848 872 his
868 801 995 872 suiset
1015 800 1091 872 aliis
1110 799 1313 899 quibusque
1328 803 1432 900 justis

367 923 539 1021 querelis,
564 936 734 1018 tanquam
754 918 932 992 columnae
952 942 1127 1018 paresque
1144 921 1250 992 curiae
1270 919 1431 994 illustris·

366 1040 462 1112 simae
476 1043 694 1110 Francorum
710 1036 855 1123 domus,
873 1033 1053 1107 adhaerere
1071 1048 1177 1132 atque
1194 1036 1354 1108 assistere
1370 1036 1431 1109 fir-

367 1155 523 1228 missime
551 1153 701 1242 vellent,
732 1151 928 1224 sciscitatus
954 1175 975 1222 a
1001 1150 1164 1248 quolibet
1188 1152 1365 1249 sigillatim
1392 1170 1432 1228 ut

365 1295 446 1344 suas
471 1269 539 1342 sibi
564 1268 745 1367 superbis
766 1268 979 1340 sententiam
997 1267 1292 1367 voluntatemque
1312 1270 1430 1344 deela-

367 1401 497 1459 rarent.
1192 1447 1199 1454 .

414 1505 526 1574 Erant
547 1515 667 1608 autem
686 1499 758 1575 illic
778 1503 949 1590 Renatus,
968 1498 1093 1571 Siciliae
1110 1500 1213 1573 titulo
1228 1515 1331 1575 tenus
1347 1528 1427 1594 rex,

367 1618 641 1714 Andegavorum
661 1632 697 1688 et
723 1616 949 1688 Barrensium
973 1615 1048 1687 dux
1068 1641 1262 1716 comesque
1280 1622 1429 1693 Provin-

364 1737 443 1828 ciae,
467 1733 677 1808 cumfratre
699 1758 787 1825 suc,
810 1733 941 1804 comite
958 1736 1244 1827 Cenomanniae';
1264 1737 1429 1810 Aurelia-

365 1855 531 1925 nensinm
549 1852 641 1944 dux,
661 1865 762 1923 aetate
780 1849 1017 1946 grandevus,
1038 1851 1100 1949 qui
1119 1851 1227 1924 etiam
1245 1854 1282 1923 in
1302 1855 1429 1926 eadem

365 1967 472 2060 urbe,
498 1967 621 2066 paucis
643 1980 727 2064 post
746 1963 956 2061 hujusmodi
978 1968 1278 2041 convocationem
1299 1971 1431 2042 exactis

366 2087 511 2180 diebus,
534 2089 642 2159 vitam
665 2085 780 2159 finivit
802 2086 905 2157 senio
918 2084 994 2181 jam
1012 2086 1209 2159 confectus.
1230 2093 1314 2161 Erat
1332 2091 1429 2163 simi·

365 2206 444 2276 liter
463 2217 498 2274 et
514 2203 590 2298 ejus
609 2201 716 2275 frater
733 2226 855 2274 comes
873 2202 1184 2297 Angolismensis'3
1206 2205 1379 2277 Borbonii
1395 2221 1430 2277 et

367 2319 552 2392 alenconii
574 2317 702 2391 duces⁸
724 2317 834 2390 etiam
858 2317 929 2388 illic
949 2317 1111 2413 adsuere,
1139 2333 1176 2392 et
1198 2319 1343 2394 illustris
1371 2322 1429 2394 ille

365 2460 486 2509 comes
500 2435 695 2526 Dunensis,
716 2458 799 2506 cum
816 2432 981 2532 pluribus
1004 2432 1080 2506 aliis
1101 2437 1323 2534 proceribus.
1345 2437 1428 2513 Erat

365 2553 474 2624 etiam
488 2565 525 2624 et
544 2549 614 2624 illic
633 2550 739 2624 frater
756 2551 849 2646 regis
866 2550 1043 2638 Carolus‘,
1064 2576 1173 2649 quem
1193 2579 1334 2653 semper
1348 2579 1427 2645 rex,

366 2693 596 2768 quocumque
615 2692 653 2741 se
670 2667 864 2759 conferret,
881 2667 1014 2740 ducere
1028 2669 1066 2739 in
1084 2671 1254 2742 comitatu
1272 2695 1338 2744 suo
1355 2688 1430 2746 erat

364 2785 504 2878 solitus3
533 2785 597 2857 sed
625 2809 738 2883 parvo
762 2783 902 2854 honore
931 2798 966 2856 et
993 2785 1121 2883 exiguo
1144 2809 1227 2858 eum
1254 2785 1426 2878 habebat,

365 2903 528 3001 quamvis
550 2901 623 2998 jam
648 2901 773 2995 viginti
793 2923 910 2970 annos
933 2915 1025 2972 esset
1051 2916 1168 2973 natus.
1204 2905 1429 3002 Responsum

364 3036 485 3092 autem
503 3041 630 3089 omnes
645 3030 681 3088 et
698 3014 827 3111 singuli
843 3029 930 3088 tunc
948 3014 1126 3110 fecerunt,
1146 3043 1184 3090 se
1201 3021 1275 3115 regi
1291 3020 1328 3090 in
1348 3043 1429 3092 cm·

365 3135 470 3207 nibus
483 3133 664 3208 adhaerere
677 3147 713 3205 et
724 3133 854 3204 servire
865 3131 967 3220 velle,
982 3158 1127 3232 suaeque
1138 3161 1280 3236 semper
1291 3137 1430 3210 obtem

365 3276 490 3350 perare
507 3249 701 3341 voluntati3
717 3247 781 3320 sed
794 3248 973 3341 nonnulli,
994 3274 1124 3352 verene
1140 3252 1178 3324 id
1197 3278 1243 3325 an
1265 3254 1430 3326 simulate

364 3382 400 3441 et
416 3368 497 3440 frete
514 3367 692 3456 dicerent,
711 3365 820 3463 paulo
836 3381 919 3464 post
934 3365 1154 3440 manifestius
1169 3369 1388 3444 indicarunt.

413 3486 538 3557 Soluto
552 3484 660 3584 igitur
673 3496 852 3556 conventu
871 3482 1135 3581 hujuscemodi,
1153 3499 1189 3558 et
1204 3486 1429 3586 principibus
1508 3505 1512 3516 “

404 3697 433 3752 t.
456 3693 594 3766 Princeps
608 3687 681 3750 dans
695 3687 722 3748 le
738 3706 793 3750 ms.
846 3723 854 3740 .

402 3783 431 3844 2.
456 3779 575 3841 Charles
589 3778 728 3858 d'Anjon,
741 3789 836 3836 comte
847 3776 886 3836 du
899 3775 1005 3836 Maine.

404 3873 432 3928 3.
455 3869 574 3930 Charles
587 3867 738 3927 d'Orleuns
758 3864 827 3926 erait
842 3867 880 3925 ne
896 3865 923 3925 le
939 3867 978 3923 26
993 3864 1050 3924 mai
1062 3869 1151 3927 taut.
1169 3865 1192 3925 11
1208 3865 1278 3926 etait
1290 3887 1344 3947 par
1356 3889 1429 3929 con-

363 3962 483 4038 sequent
497 3959 569 4018 dans
582 3976 614 4016 sa
628 3955 975 4034 soixante-quatorzieme
989 3955 1092 4014 annee.

401 4052 432 4112 4.
453 4052 526 4108 Jean
538 4043 703 4117 d'Orleans,
717 4057 812 4104 comte
826 4043 1049 4124 d'Angonleme.

402 4145 432 4200 t.
454 4144 527 4199 Jean
543 4138 581 4198 de
597 4133 736 4197 Bourbon
755 4147 784 4194 et
799 4138 871 4194 Jean
884 4133 1061 4212 d’Alenqon,
1080 4146 1144 4195 tous
1159 4135 1237 4197 deux
1254 4139 1370 4218 princes
1387 4137 1427 4198 du

363 4249 413 4290 san
437 4275 444 4289 .

402 4251 434 4378 Eg.
455 4317 540 4380 Alors
553 4317 610 4377 dne
627 4317 665 4376 «le
677 4319 779 4394 Berry.
