3272 5182
394 549 452 606 ttt
669 547 923 607 tt1st01t1t1ttttt
942 551 1119 610 LUDOVICI
1139 553 1180 610 Xl

724 845 975 915 ctrtvutnn
1000 798 1123 915 xxvi.

392 1049 432 1104 De
445 1046 662 1113 reconciliatione
674 1045 763 1100 Caroli
775 1059 837 1116 cnm
850 1045 991 1101 Ludoviro
1000 1067 1070 1121 rege,
1085 1067 1210 1122 germano
1222 1069 1282 1118 eno,
1295 1069 1326 1106 ex
1336 1069 1388 1124 qno
1401 1051 1460 1106 dtt-

428 1143 515 1184 catum
535 1127 698 1198 Aquitaniae,
712 1127 893 1182 renuntiando
906 1127 1014 1183 ducatui
1027 1131 1210 1201 Normanniae,
1226 1149 1277 1205 pro
1289 1131 1461 1188 haereditaria

428 1210 553 1282 portione
564 1208 676 1279 accepit.

441 1395 575 1462 Verum
597 1389 699 1487 quia,
721 1413 794 1488 prae
811 1390 945 1462 caeteris
961 1387 1146 1483 omnibus,
1164 1413 1227 1462 rex
1244 1414 1459 1486 germanum

394 1533 499 1581 suum
514 1508 667 1580 maxime
680 1506 875 1599 metuebat,
893 1507 1007 1579 sciens
1022 1530 1105 1578 eunt
1119 1520 1267 1605 propter
1278 1507 1460 1605 egregiam

393 1624 553 1696 indolem
585 1649 688 1696 suam
722 1647 912 1721 moresque
942 1623 1118 1721 benignos
1151 1624 1248 1722 apud
1281 1623 1460 1722 plurimos

394 1731 457 1840 per
479 1755 596 1815 totum
618 1765 769 1837 regnum
789 1763 939 1836 magnos
954 1739 1090 1813 habero
1106 1740 1263 1829 favores,
1283 1765 1460 1838 magnum

394 1874 566 1930 conatum
589 1857 765 1955 impendit
780 1856 827 1928 ad
842 1857 913 1928 hoc
927 1871 966 1927 ut
982 1856 1125 1928 eumad
1141 1881 1191 1947 se,
1210 1858 1307 1956 pacis
1323 1858 1460 1932 loedere

394 1973 676 2062 reconciliatum,
696 1972 890 2045 attraheret
914 1987 950 2044 et
974 1973 1129 2046 auferret
1151 1973 1323 2062 inimicis3
1342 1974 1463 2047 eristi·

395 2113 515 2180 maus,
538 2089 567 2158 si
589 2088 634 2158 ad
658 2087 693 2158 id
719 2088 940 2187 perveniret,
962 2103 998 2160 et
1016 2088 1083 2160 sibi
1101 2090 1192 2161 vires
1209 2092 1398 2186 geminari,
1420 2108 1461 2164 et

393 2203 602 2276 adversariis
618 2203 752 2300 majore
769 2229 810 2276 ex
829 2217 930 2303 parte
947 2203 1100 2276 diminui
1118 2220 1153 2276 et
1170 2204 1387 2278 decrescere.

445 2321 677 2393 affectaverat
693 2334 811 2393 autem
829 2322 925 2394 idern
942 2323 1033 2418 regis
1050 2346 1253 2417 germanus,
1274 2338 1310 2394 et
1325 2325 1461 2423 pariter

396 2437 607 2534 Burgundiae
623 2450 657 2508 et
675 2438 862 2509 Britannice
880 2437 1006 2528 duces,
1026 2436 1094 2508 sibi
1112 2436 1290 2526 foederati,
1309 2455 1348 2513 ut
1367 2445 1460 2512 Nor·

394 2554 594 2641 manniam,
618 2577 690 2651 qua
711 2555 843 2650 ejectus
859 2554 988 2638 luerat,
1011 2552 1133 2625 denuo
1150 2579 1218 2653 pro
1235 2553 1460 2630 haereditaria

393 2671 559 2770 portione
578 2669 762 2767 reciperet,
783 2683 845 2740 aut
861 2667 984 2740 saltem
1002 2670 1235 2766 Campaniam
1252 2694 1336 2740 cum
1353 2671 1460 2744 certis

395 2782 640 2880 adjacentibus
662 2783 780 2872 terris;
808 2806 874 2853 nec
897 2781 943 2852 ab
967 2806 1009 2852 ea
1033 2783 1208 2854 sententia
1230 2799 1266 2855 et
1286 2785 1460 2881 opinione

395 2901 572 2974 dimoveri
599 2912 787 2998 potuerat,
816 2896 989 2995 quamdiu
1018 2898 1054 2969 in
1084 2898 1251 2970 humanis
1280 2917 1460 2997 superstes

395 3019 509 3092 luerat
534 3043 621 3092 suus
646 3016 705 3088 ille
730 3015 824 3086 sulus
851 3016 1001 3088 servitor
1025 3015 1180 3088 Thomas
1210 3015 1255 3088 de
1282 3017 1455 3112 Lorar'lle,

395 3159 504 3234 quem
529 3157 637 3232 supra
656 3154 798 3202 veneno
818 3129 1030 3203 exstinctum
1054 3131 1161 3203 luisse
1183 3131 1380 3204 retulimus.
1405 3137 1459 3205 Eo

395 3275 481 3324 vero
508 3245 700 3322 demedio
727 3243 888 3337 sublate,
917 3246 1027 3318 veluti
1054 3263 1196 3319 remoto
1221 3247 1456 3346 probibeule,

395 3365 532 3437 invenit
549 3387 611 3435 rex
629 3359 724 3461 apud
743 3360 911 3433 eumdem
932 3386 1142 3459 germanum
1161 3363 1292 3436 idonea
1315 3362 1383 3436 sibi
1407 3364 1460 3436 in·

395 3495 606 3570 strumenta,
629 3477 773 3575 quibus,
794 3478 841 3550 ad
860 3479 1125 3552 assentiendum
1142 3480 1214 3551 suis
1231 3480 1337 3568 votis,
1358 3479 1460 3552 lacile

298 3599 300 3610 '
397 3595 574 3670 suaderet.
597 3599 643 3666 Ut
659 3619 744 3692 ergo
761 3619 845 3666 eum
863 3619 884 3666 a
900 3596 1127 3695 praelatorum
1148 3595 1283 3667 ducum
1303 3595 1404 3667 terris
1424 3610 1459 3667 et

398 3711 567 3786 dominiis
593 3710 699 3807 longe
725 3711 943 3808 sejungeret,
970 3737 1034 3810 per
1059 3711 1274 3806 nonnullos,
1303 3736 1394 3809 qnos
1421 3711 1458 3782 in

397 3832 555 3932 ejusdem
572 3831 688 3903 fratris
704 3831 757 3902 sui
775 3831 886 3902 domo
902 3845 1006 3930 aptos
1022 3831 1279 3927 cognoscebat,
1300 3828 1459 3902 donariis

397 3975 418 4022 a
445 3975 482 4022 se
509 3963 616 4047 atque
643 3947 853 4020 muneribus
879 3962 913 4020 et
937 3947 1254 4046 pollicitationibus
1277 3947 1459 4020 variorum

396 4067 581 4140 honorum
610 4078 823 4163 corruptos,
860 4064 1030 4138 eumdem
1060 4065 1106 4138 ad
1140 4065 1212 4138 hoc
1246 4064 1387 4138 induxit
1419 4079 1459 4138 ut

341 4171 346 4182 ⁸
396 4183 573 4282 acciperet
597 4181 789 4279 Aquitaniae
815 4182 1036 4281 portionem,
1062 4180 1237 4279 ducisque
1263 4183 1459 4280 Aquitaniae

397 4297 539 4369 titulum
555 4296 747 4395 praeferret.
