3384 5184
366 476 424 534 170
639 425 896 536 fflS'l'OllLlllUM
916 473 1093 534 tuuovtct
1111 476 1155 533 XI

365 608 429 682 bat
455 609 602 708 (scilicet
618 611 664 684 ad
682 605 859 710 oppidum
880 607 1017 680 dictum
1046 607 1278 706 Montis-argi
1289 609 1321 706 ¹)
1338 633 1426 710 per-

367 726 571 818 venissent,
602 751 675 825 qua
704 739 843 818 mente,
874 748 946 821 qua
979 721 1050 812 fide
1080 739 1116 796 et
1143 723 1342 796 sinceritate
1369 749 1427 798 res

367 855 568 938 agerentur,
596 843 753 943 primum
778 861 971 936 agnoscere
997 853 1205 937 potuerunt.
1236 843 1326 912 Nam
1350 864 1426 914 uon

367 957 479 1030 modo
493 961 530 1030 in
545 957 706 1046 materia,
720 980 787 1055 pro
801 979 873 1053 qua
885 955 1087 1051 injunctum
1098 955 1282 1053 legationis
1292 981 1427 1029 munus

368 1089 614 1173 susceperant,
633 1072 811 1173 repulsam
825 1071 1013 1146 etalienos
1030 1096 1176 1170 prorsus
1190 1072 1362 1144 terminos
1378 1069 1426 1144 ab

368 1188 424 1260 his
454 1215 546 1287 quos
574 1190 741 1287 quotiens
766 1202 911 1284 tamque
928 1186 1017 1262 diu*
1040 1185 1086 1259 de
1117 1210 1159 1258 ea
1185 1211 1223 1259 re
1252 1184 1427 1261 habuerat

369 1329 431 1378 rex
446 1320 482 1376 et
499 1318 681 1398 tenuerat,
708 1303 959 1392 ollenderunt;
980 1302 1042 1374 sed
1063 1357 1072 1396 ,
1091 1327 1159 1400 pro
1177 1301 1428 1376 benevolentia

371 1435 406 1493 et
433 1421 530 1494 dulci
547 1420 660 1496 filialis
679 1419 859 1494 affinitatis
875 1417 1163 1517 compellatione,
1183 1417 1425 1518 querelarum,

371 1538 550 1614 minarum
570 1552 607 1609 et
632 1536 952 1637 exprobrationum
980 1534 1102 1626 verba,
1129 1527 1333 1636 quae'prius
1360 1536 1427 1610 sub

370 1653 517 1752 hujusce
545 1653 707 1727 confictae
739 1668 775 1726 et
807 1651 980 1724 simulatae
1004 1649 1217 1750 copulanda
1247 1650 1428 1726 affinitatis

371 1770 617 1868 integumento
642 1769 765 1842 velatae
791 1769 948 1857 luerunt,
979 1767 1248 1841 inimicitiarum
1273 1770 1429 1867 speciem

373 1880 557 1960 manifeste
573 1885 848 1986 praeteudentia³
861 1887 1120 1984 reportarunt‘.

422 2007 468 2074 Et
486 2027 608 2076 revera
628 2017 715 2075 tunc
734 2001 911 2074 creditum
935 2000 1001 2072 luit
1022 2000 1123 2098 quod
1149 2024 1211 2074 rex
1232 2002 1429 2074 Dinauten·

371 2119 468 2192 sibus
491 2144 698 2192 succurrere
721 2118 889 2210 deberet,
917 2119 1135 2218 minimeque
1155 2119 1261 2191 vellet
1281 2143 1343 2192 eos
1363 2145 1430 2218 op-

370 2236 478 2334 primi
502 2238 717 2334 permittere.
744 2241 796 2308 De
818 2260 895 2334 ,quo
917 2235 985 2334 ipsi
1010 2251 1046 2308 et
1072 2234 1287 2309 leodienses
1314 2236 1430 2308 caeteri

371 2352 569 2449 plurimum
589 2349 831 2424 confidebant,
859 2351 930 2440 Qui
949 2375 988 2424 se
1013 2349 1058 2424 ab
1083 2375 1127 2422 eo
1150 2348 1320 2423 adversus
1342 2355 1430 2423 Bur-

371 2467 596 2566 gundionum
612 2467 741 2540 ducem
756 2470 794 2540 in
811 2493 911 2541 arma
924 2469 1093 2541 excitatos
1109 2481 1157 2560 et,
1174 2467 1312 2564 magnis
1326 2466 1430 2541 abeo

373 2584 671 2683 promissionibus
695 2585 849 2684 acceptis
874 2585 920 2658 de
949 2609 1119 2658 succursu
1141 2599 1249 2682 atque
1273 2583 1431 2683 opitula-

372 2703 486 2793 tione,
507 2703 689 2776 securatos
700 2702 924 2800 jactitabant.
945 2701 1048 2774 Unde
1069 2715 1104 2773 et
1119 2715 1225 2792 tunc,
1243 2699 1341 2799 apud
1359 2699 1431 2772 dic·

372 2833 450 2889 tum
475 2817 597 2892 locum
622 2817 875 2914 litonum-Argi
898 2833 933 2889 et
957 2819 994 2890 in
1018 2818 1195 2917 plerisque
1219 2816 1296 2890 aliis
1320 2816 1428 2908 locis,

372 2958 434 3005 rex
455 2959 603 3031 magnas
620 2934 805 3008 machinas
821 2947 857 3005 et
880 2931 964 3006 belli
989 2948 1181 3033 apparatus
1197 2931 1363 3006 fabricari
1383 2932 1432 3005 fa·

373 3049 500 3123 ciebat.
532 3052 628 3122 Fecit
662 3053 758 3122 enim
792 3063 878 3120 tune
910 3073 978 3148 pro
1005 3030 1205 3122 munimine
1234 3064 1433 3123 castrorum

373 3182 516 3254 catenas
532 3166 697 3239 fabricari
710 3165 853 3257 ferreas,
872 3165 1023 3239 intanta
1040 3167 1310 3258 numerositate,
1332 3164 1433 3264 quod

372 3307 416 3354 ex
438 3285 489 3356 eis
518 3283 671 3356 invicem
706 3281 877 3354 connexis
901 3295 936 3356 et
961 3282 1087 3382 ligneis
1111 3283 1201 3384 palis
1232 3307 1297 3382 per
1321 3281 1433 3382 spatia

413 3517 442 3574 l.
465 3516 633 3598 Montargis.

413 3607 442 3666 2.
465 3611 543 3666 Dans
560 3605 587 3665 le
601 3626 669 3681 ms,
683 3605 720 3666 ab
732 3607 777 3666 lu's
790 3611 890 3665 totiens
902 3612 1028 3684 qrwtr'ens
1042 3619 1176 3684 tanquam
1192 3609 1253 3666 diu.

414 3697 445 3757 3.
465 3699 694 3755 Proteudentr'um
709 3697 780 3756 dans
792 3696 821 3756 le
838 3715 892 3759 ms.

404 3789 443 3850 l.
463 3786 546 3845 Recit
567 3785 855 3867 tres-inintelligent.
878 3783 966 3844 Louis
989 3787 1032 3845 XI
1052 3803 1141 3844 nese
1164 3783 1300 3845 montralt
1318 3784 1384 3864 plus
1404 3783 1433 3843 le

373 3877 468 3935 meme
483 3879 499 3934 b
514 3896 601 3936 cause
615 3874 687 3934 d'un
700 3875 899 3935 dissentimeut
915 3895 1004 3955 grave
1021 3877 1072 3952 qui
1093 3877 1283 3953 commonuerit
1296 3879 1312 3933 e
1328 3875 1436 3935 existet
1537 3881 1544 3896 “

374 3979 456 4027 entre
476 3966 517 4024 lui
537 3979 566 4026 et
584 3967 610 4025 le
624 3979 717 4026 comte
733 3967 769 4026 de
789 3966 951 4036 Charolaia,
972 3965 1172 4026 dissentiment
1191 3965 1242 4044 qui
1263 3964 1364 4024 u’etait
1383 3985 1436 4045 pas
1461 4027 1465 4036 ,

375 4075 414 4114 un
435 4058 579 4134 mystere,
603 4056 739 4134 puisqu'il
760 4076 777 4115 a
796 4059 841 4116 e'te
857 4073 953 4116 conon
968 4053 1008 4116 du
1023 4055 1221 4137 chroniqueur
1233 4061 1357 4136 Jacques
1370 4061 1434 4116 Du·

375 4146 471 4224 clercq
485 4147 521 4220 (l.
537 4150 571 4219 V,
586 4147 633 4206 ch.
651 4152 722 4220 ιιι.)
741 4151 781 4205 Lu
800 4146 959 4225 beau-pere
970 4161 999 4207 et
1013 4147 1042 4207 le
1056 4148 1165 4229 gendre
1180 4148 1311 4208 s’etaieot
1327 4147 1437 4237 surpris

378 4233 538 4317 intriguant
552 4235 613 4296 l’un
626 4249 726 4296 contre
739 4236 842 4295 l’autre
856 4239 961 4314 aupres
980 4235 1020 4296 du
1035 4236 1079 4296 roi
1093 4237 1303 4316 d’Aogleterre.
