3282 5168
393 523 451 580 356
666 515 924 574 fflsromlltmt
943 514 1123 573 LUDOVICI
1143 515 1188 572 xl

392 650 472 746 diae,
487 649 569 724 licet
583 646 858 723 Coloniensibus
869 647 974 720 valde
986 647 1121 740 invitis,
1139 647 1177 718 in
1196 669 1353 742 quorum
1367 643 1448 716 civi·

392 787 500 845 tatem
526 769 664 871 praeda,
696 784 735 842 ut
764 769 918 842 diximus
945 767 1067 868 [ducta
1087 764 1235 866 luerat],
1261 782 1309 863 et,
1335 761 1450 864 quoad

392 887 489 988 [suit]
506 887 672 982 facultas,
689 888 738 961 eis
756 884 1010 962 renitentibus.

729 1182 989 1254 CAPITULUM
1014 1184 1108 1253 xvi.

390 1394 508 1462 Qualiter
517 1391 604 1445 statim
614 1402 676 1462 post
685 1387 740 1442 dux
750 1388 911 1463 Burgundio
919 1388 1140 1457 venitCalesium,
1147 1387 1206 1456 ubi,
1216 1387 1310 1441 habito
1324 1386 1449 1458 colloquio

424 1492 486 1529 curu
497 1471 635 1538 Edoardo,
651 1471 800 1543 Anglorum
811 1489 883 1542 rege,
896 1469 999 1524 sororio
1011 1488 1070 1536 ruo,
1082 1468 1200 1524 discessit
1209 1487 1299 1522 versus
1311 1467 1449 1521 Lotharin·

426 1554 512 1627 giam
525 1565 551 1606 et
563 1553 713 1625 Anglorum
729 1573 777 1606 rex
795 1572 857 1606 eum
871 1551 987 1605 exercitu
1004 1569 1053 1604 suo
1072 1550 1145 1604 venit
1160 1567 1242 1620 usque
1255 1549 1397 1616 Peronam,
1409 1548 1452 1602 ubi

424 1635 512 1690 statim
524 1653 586 1689 eum
601 1635 768 1690 Francorum
782 1651 844 1706 rege
857 1645 961 1705 treugas
974 1631 1050 1698 lecit,
1064 1643 1090 1684 et
1102 1628 1137 1684 ad
1152 1628 1264 1703 propria
1275 1647 1395 1685 reversus
1407 1641 1449 1685 est.

441 1815 522 1900 Qua
538 1812 630 1886 facta
646 1811 884 1904 restitutione,
903 1823 1094 1880 moverunt
1109 1807 1290 1880 hincinde
1310 1824 1347 1882 et
1362 1808 1450 1882 abie-

395 1945 480 2004 runt
504 1930 679 2003 exercitus
699 1943 733 2001 et
759 1927 938 2027 principes
963 1925 1008 1998 ad
1035 1926 1210 2025 propria¹.
1240 1928 1283 1995 Et
1312 1924 1451 2024 quidem

393 2045 603 2123 festinanter
620 2043 916 2139 Burgundionum
941 2041 1011 2114 dux
1039 2041 1076 2114 in
1104 2039 1310 2114 Flandriam
1336 2065 1452 2141 prope·

393 2158 496 2234 rabat
520 2184 603 2232 cum
628 2159 749 2258 paucis
771 2156 977 2231 domesticis
995 2157 1087 2245 suis,
1108 2156 1316 2252 relinquens
1342 2157 1452 2255 copias

393 2302 475 2350 suas
490 2277 529 2349 in
544 2275 636 2372 agris
652 2274 921 2368 Leodiensibus,
942 2271 1317 2371 Luxemburgensibus
1331 2289 1367 2346 et
1377 2272 1453 2345 vici·

394 2418 524 2468 narum
541 2405 729 2465 terrarum.
755 2391 924 2466 Audierat
939 2392 1037 2464 enim
1054 2392 1129 2488 jam
1150 2389 1332 2464 Calesium
1349 2415 1452 2492 appu·

394 2509 475 2583 lisse
490 2509 670 2581 sororium
680 2531 799 2598 suum,
816 2505 1012 2604 auglorum
1024 2530 1159 2604 regem,
1173 2530 1328 2604 suasque
1341 2507 1452 2607 copias

397 2625 520 2698 dietim
532 2650 574 2697 ex
588 2622 712 2719 Anglia
726 2621 771 2695 ad
790 2647 827 2694 se
844 2623 1016 2720 trajicere.
1030 2620 1086 2696 ld
1098 2622 1199 2719 cujus
1213 2624 1323 2695 etiam
1336 2647 1452 2696 occur·

398 2766 478 2815 sum
492 2742 568 2839 jam
583 2764 665 2812 eum
686 2755 904 2838 praevenerat
918 2737 1069 2810 domina
1085 2738 1246 2831 ducissa,
1267 2739 1356 2812 dicti
1373 2739 1453 2835 regis

398 2881 514 2946 soror,
531 2856 644 2930 multa
661 2855 957 2928 vestimentorum
973 2870 1187 2928 ornamenta
1200 2856 1371 2958 variaque
1385 2879 1454 2929 mu·

399 2997 486 3046 nera
506 2997 630 3044 secum
652 2971 834 3066 deserens,
859 2971 989 3070 quibus
1015 2970 1158 3044 fratrem
1180 2996 1285 3044 suum
1310 2994 1454 3070 suosque

400 3105 545 3165 ornaret
558 3106 666 3188 atque
677 3088 887 3160 honoraret.
905 3093 995 3160 Cum
1009 3104 1132 3161 autem
1144 3089 1251 3161 etiam
1266 3089 1314 3162 ad
1328 3091 1453 3163 dictum

400 3207 579 3280 Calesium
606 3205 830 3278 adventasset
856 3203 1151 3302 Burgundionum
1180 3203 1274 3293 dux,
1304 3231 1388 3294 eum
1413 3203 1453 3276 ad

401 3323 522 3422 plures
539 3323 616 3394 dies
633 3319 847 3394 associavit¹.

450 3441 491 3510 ln
509 3437 658 3534 quibus,
678 3460 762 3508 cum
778 3433 824 3508 de
842 3437 981 3509 ratione
999 3450 1035 3508 et
1050 3437 1178 3510 ordine
1192 3437 1455 3513 administrandi

401 3549 487 3623 belli
503 3550 654 3647 longum
667 3549 750 3622 satis
767 3550 861 3622 inter
876 3577 913 3624 se
926 3551 1146 3650 colloquium
1162 3554 1396 3646 miscuissent,
1412 3552 1456 3625 le-

402 3668 547 3742 rebatur
571 3668 664 3740 inter
684 3693 747 3740 eos
769 3668 978 3741 condictum
1002 3683 1058 3763 ut,
1078 3670 1250 3769 quoniam
1272 3673 1455 3748 amborum

401 3786 576 3860 exercitus
592 3799 628 3858 et
643 3785 755 3884 copiae
772 3787 1028 3883 utrorumque⁸
1045 3787 1151 3860 simul
1167 3789 1204 3859 in
1218 3787 1344 3861 eadem
1361 3788 1456 3888 plaga

441 3995 469 4052 r.
492 3997 533 4052 re
547 3995 585 4051 ar
599 3990 664 4066 juin
681 3993 770 4050 1⁴75.

439 4087 468 4143 2.
491 4084 531 4143 Ils
547 4083 689 4143 resterent
702 4081 865 4156 ensemble,
881 4094 942 4142 tant
954 4085 971 4142 a
982 4081 1075 4144 Calais
1088 4086 1156 4162 qu’a
1173 4084 1302 4160 Guiues,
1313 4085 1352 4146 du
1372 4089 1409 4144 tt
1423 4101 1455 4142 au

399 4177 437 4234 ts
448 4174 544 4250 juillet
559 4177 649 4233 lats.
667 4171 788 4254 leuglet
800 4172 978 4251 Dulrssuoy,
995 4177 1163 4250 commines,
1176 4187 1196 4232 t.
1213 4179 1266 4249 lll,
1284 4195 1315 4255 p.
1332 4179 1400 4235 ΞΠ.

440 4266 469 4324 3.
492 4263 588 4322 Plutdt
601 4268 754 4338 utriusque.
