3322 5172
348 590 407 647 tto
616 588 871 644 HISTORIARUM
890 587 1067 645 LUDOVICI
1087 589 1131 644 XI

347 744 412 818 per
428 717 690 816 Lotharingiam
709 720 746 790 in
766 701 1024 816 Burgundiam¹
1039 744 1173 817 usque,
1191 718 1334 792 obviam
1349 719 1401 809 ei,

347 850 596 936 penetrarunt,
621 860 695 907 non
719 838 795 914 sine
817 838 951 933 ingenti
971 835 1190 908 discrimine.
1215 836 1405 908 Destinatae

348 953 454 1024 etiam
467 951 534 1023 sibi
548 953 644 1024 luere
658 953 838 1025 nonnullae
854 952 1016 1049 pediturn
1029 952 1154 1050 copiae,
1170 976 1215 1022 ex
1230 951 1354 1023 otiosis
1369 965 1406 1024 et

348 1067 420 1156 his,
439 1070 501 1166 qui
518 1069 664 1166 perditis
682 1083 787 1164 atque
803 1067 996 1140 infamibus
1014 1080 1114 1140 erant
1132 1065 1309 1157 moribus,
1328 1065 1404 1137 col·

348 1184 462 1277 lectae,
479 1184 579 1256 dato¹
593 1186 643 1255 eis
657 1184 701 1256 de
714 1184 867 1282 pecunia
883 1183 1065 1281 principis.
1082 1186 1247 1270 Quorum
1260 1181 1406 1280 plurimi

349 1299 533 1372 lenociniis
551 1316 586 1371 et
603 1298 832 1379 ebrietatibus
848 1301 993 1390 assueti,
1013 1297 1290 1396 eumstipendia
1307 1297 1406 1394 prin·

348 1414 435 1512 cipis
462 1415 692 1511 recepissent,
721 1414 953 1487 nihilominus
972 1417 1008 1485 in
1030 1412 1217 1511 provincia
1237 1399 1427 1500 remane?

349 1531 449 1624 bant,
467 1555 534 1604 nec
547 1530 594 1603 ad
608 1533 803 1605 exercitum
816 1545 852 1604 et
867 1530 1031 1604 militiam
1044 1531 1095 1600 ire
1109 1527 1297 1616 curabant,
1311 1528 1408 1625 prio-

349 1646 448 1719 ribus
457 1649 688 1722 inservientes
700 1648 874 1741 moribus,
888 1649 925 1720 in
937 1641 1067 1746 quibus
1075 1659 1221 1744 accepta
1232 1644 1407 1743 stipendia

349 1763 450 1838 facile
467 1764 739 1838 consumebant.

706 2105 962 2175 CAPITULUM
988 2107 1048 2175 Xl.

369 2343 374 2350 -
418 2311 458 2360 De
468 2308 555 2362 reditu
566 2309 641 2364 ducis
652 2310 809 2384 burgundiae
824 2313 852 2364 in
864 2312 1075 2383 Lotharingiam,
1088 2324 1115 2364 et
1124 2310 1236 2383 qualiter
1247 2309 1342 2363 iterum

733 2392 836 2445 obsedit
856 2393 1022 2464 Nanceyunr.

401 2569 492 2637 Cum
505 2582 622 2640 autem
635 2569 813 2665 princeps,
825 2568 901 2664 qui,
913 2569 964 2639 uti
976 2567 1145 2660 diximus,
1157 2568 1194 2638 in
1207 2563 1411 2661 Burgundia

352 2696 439 2774 erat,
460 2684 705 2781 perlustrasset
720 2709 821 2756 suam
838 2684 1093 2781 Burgundiam,
1108 2709 1131 2756 a
1146 2685 1235 2782 qua⁸
1250 2697 1286 2755 et
1298 2681 1410 2754 dena·

352 2798 488 2870 riorum
500 2817 536 2873 et
548 2800 708 2873 virorum
720 2801 974 2873 subventiones
984 2816 1018 2874 et
1028 2801 1168 2882 servitia
1181 2812 1409 2899 poposcerat,

352 2929 387 2985 et
406 2917 733 3016 quantulacumque
749 2915 960 2990 obtinuisset
978 2931 1084 3016 atque
1101 2929 1338 3013 aggregasset,
1358 2913 1412 2985 vi·

353 3030 442 3104 dens
458 3057 514 3104 res
527 3057 608 3124 suas
623 3035 759 3130 ingenti
776 3033 959 3129 subjacere
972 3032 1146 3131 periculo,
1165 3032 1234 3102 nisi
1251 3030 1413 3129 pervium

354 3147 420 3220 sibi
446 3163 481 3221 ct
505 3150 577 3221 suis
601 3175 663 3248 per
690 3149 955 3245 lotharingiam
984 3148 1076 3249 [iter]
1104 3149 1234 3222 laceret
1257 3161 1294 3219 et
1319 3145 1412 3218 ferro

353 3266 517 3360 aperiret,
532 3267 665 3357 statuit,
680 3288 885 3361 quanquam
898 3266 936 3339 id
948 3267 1103 3340 arduum
1115 3281 1152 3339 et
1162 3263 1414 3346 difficillimum

353 3375 545 3465 videretur,
566 3404 644 3451 eam
660 3403 736 3450 rem
750 3380 903 3475 aggredi.
925 3385 1047 3479 ltaque
1061 3407 1103 3454 ex
1117 3377 1323 3478 Burgundia
1337 3402 1414 3449 mo-

354 3515 440 3562 vens
465 3517 548 3563 cum
572 3495 745 3587 Antonio,
770 3493 876 3568 sratre
903 3522 969 3570 suo
999 3497 1172 3604 naturali,
1193 3495 1325 3601 junctis
1345 3492 1415 3566 sibi

353 3608 513 3704 equitum
529 3611 657 3707 copiis,
678 3637 756 3708 quae
771 3637 814 3686 ex
832 3613 989 3712 partibus
1008 3609 1250 3684 inferioribus*
1266 3609 1314 3685 ad
1330 3633 1414 3682 eum

354 3725 607 3818 ascenderant,
639 3729 815 3828 ingressus
845 3730 1132 3827 Lotharingiam,
1162 3729 1209 3801 ad
1239 3726 1414 3828 oppidum

394 3957 423 4011 l.
445 3957 486 4014 La
508 3953 595 4013 haute
609 3959 787 4033 Bourgogne
808 3973 848 4013 ou
869 3953 1137 4024 Franche-Comte,
1157 3955 1197 4012 orl
1209 3955 1236 4012 le
1251 3951 1307 4012 duc
1323 3951 1416 4010 s’dtait

353 4043 439 4101 retice
455 4046 539 4123 apres
551 4065 582 4103 sa
597 4045 700 4104 delaite
715 4044 751 4104 de
767 4050 871 4106 Morat.

394 4135 425 4196 Ξ.
448 4140 532 4192 Datis
546 4136 617 4196 dans
630 4135 658 4194 le
671 4135 725 4194 ins.

396 4225 424 4284 3.
448 4230 475 4281 Α
488 4225 587 4302 quibus
599 4225 670 4284 dans
685 4225 712 4283 le
727 4243 783 4287 ms.

396 4314 426 4369 l.
449 4309 631 4372 Uest-adire
644 4313 681 4372 de
694 4312 723 4372 la
738 4312 875 4388 claudie,
892 4311 928 4372 de
942 4311 970 4373 la
985 4313 1129 4374 Hollaude
1143 4324 1173 4372 et
1185 4309 1225 4371 du
1236 4309 1373 4370 Brabant.
