3282 5168
514 517 516 521 ’
604 547 714 605 tanna
734 545 914 618 Quantus.
1232 550 1291 608 ser

227 674 273 754 ab
307 677 414 750 armis
447 673 616 748 discessio
650 689 686 750 et
715 675 986 775 quodammodo
1020 679 1287 774 tergiversatio,

227 793 420 890 praesertim
434 816 530 864 cum
550 805 649 866 tanta
668 791 736 866 sibi
756 794 916 893 suisquc¹
936 796 987 868 cis
1010 794 1139 867 fretum
1167 795 1307 872 fuisset⁴

226 906 401 980 factumm
422 933 460 980 se
477 907 673 1007 pollicitus,
699 907 848 1008 diesque
867 909 965 984 velut
987 909 1055 984 sibi
1076 908 1290 987 decrevisset

225 1037 332 1120 atque
364 1025 623 1116 constituisset,
652 1025 803 1124 quibus,
835 1041 873 1098 et
903 1027 1216 1100 Remisinunctus
1249 1031 1287 1100 in

226 1163 365 1238 regem,
384 1155 420 1212 et
437 1141 574 1213 Parisiis
586 1141 733 1240 aliisque
746 1143 784 1214 in
800 1139 952 1213 urbibus
964 1154 1001 1213 et
1012 1141 1100 1214 locis
1118 1142 1288 1240 insignio·

224 1254 323 1328 ribus
348 1257 448 1355 regni
472 1263 692 1330 Francorum
725 1257 928 1331 diademate
950 1273 986 1330 et
1013 1259 1088 1331 aliis
1109 1259 1287 1354 regalibus
1323 1339 1326 1346 ,

224 1372 411 1470 insignitus
432 1390 666 1474 receptusque
690 1399 766 1447 esse
788 1375 982 1447 debuisset.
1012 1375 1134 1469 Unde,
1160 1379 1288 1474 procul
1350 1397 1351 1400 ’

225 1487 360 1584 dubio,
396 1515 471 1562 non
502 1514 649 1591 parvam
684 1490 770 1564 inde
802 1489 1040 1588 ignominiam
1072 1491 1108 1561 in
1141 1493 1296 1591 propria⁴

224 1607 355 1677 retulit.

273 1721 343 1794 Sed
367 1744 410 1796 ea
434 1748 508 1814 res,
535 1724 599 1796 etsi
624 1722 801 1797 maculam
825 1723 932 1795 etiam
956 1725 1047 1820 regis
1069 1728 1287 1796 Francomm

223 1838 342 1936 gloriae
356 1865 397 1912 ac
410 1840 594 1941 splendori
608 1839 809 1933 obduxerit,
826 1839 926 1938 quod
939 1865 976 1912 se
988 1841 1061 1937 regi
1075 1839 1283 1938 anglorum,

224 1955 273 2025 uti
302 1955 475 2047 diximus,
506 1958 587 2030 fecit
613 1959 844 2056 vectigalem,
875 1970 994 2057 potest
1024 1972 1144 2029 tamen
1173 1956 1288 2032 videri

222 2068 366 2144 aliunde
397 2096 472 2144 non
503 2072 786 2144 contemnendas
818 2095 886 2144 nec
919 2096 1032 2171 parvo
1064 2071 1287 2146 aestimandas

221 2186 390 2260 utilitates
413 2172 524 2285 regno
547 2193 767 2261 Francorum
789 2189 962 2276 attulisse,
993 2189 1039 2261 ad
1064 2189 1162 2286 quod
1187 2190 1286 2262 inva-

222 2301 383 2376 dendum
399 2306 481 2403 (sub
495 2332 568 2406 quo
585 2321 685 2380 metu
698 2306 772 2404 jam
788 2332 853 2407 per
869 2331 985 2380 annos
1000 2308 1176 2407 plurimos
1192 2308 1287 2382 elan·

222 2420 359 2517 guerat)
371 2446 446 2494 non
462 2421 562 2494 facile
575 2422 770 2519 Anglorum
785 2445 847 2493 rex
862 2423 918 2494 vel
930 2425 984 2495 sui
995 2423 1147 2522 posthac
1158 2446 1285 2508 ausum

221 2553 420 2630 assument,
440 2564 502 2610 seu
518 2540 637 2638 ipsum
656 2537 762 2611 armis
780 2538 963 2637 impetere.
985 2543 1076 2610 Cum
1095 2540 1285 2612 enim-me·

222 2653 391 2726 minerint
415 2680 534 2754 regem
556 2655 674 2749 hunc,
700 2655 763 2753 qui
785 2654 868 2726 satis
891 2657 1034 2726 strenue
1059 2680 1116 2726 res
1139 2678 1285 2752 magnas

220 2785 303 2844 ante
317 2771 513 2870 perfecerat
523 2787 649 2870 contra
663 2770 929 2870 potentissimos
943 2770 1178 2864 adversarios,
1193 2798 1285 2871 quos

220 2885 320 2960 domi
336 2887 528 2980 habuerat,
549 2887 661 2985 etqui
679 2902 753 2959 tam
770 2887 952 2985 ingentem
966 2886 1232 2987 expeditionem
1250 2905 1285 2962 et

219 3005 366 3082 bellicos
376 3022 566 3107 apparatus
578 3020 697 3079 tantos
707 3005 871 3079 maximis
880 3005 1070 3104 impendiis
1083 3021 1281 3103 paraverat,

218 3123 412 3197 habentem
433 3126 541 3197 etiam
562 3124 718 3215 favores,
742 3121 876 3195 foedera
895 3136 1002 3220 atque
1023 3121 1152 3193 auxilia
1176 3145 1196 3194 a
1217 3148 1284 3221 po-

159 3259 164 3270 ·
218 3241 422 3314 tentissimis
437 3240 661 3341 principibus
681 3242 792 3314 totius
809 3239 948 3331 Galliae,
972 3263 1039 3310 nec
1055 3236 1187 3338 pedem
1204 3242 1284 3338 qui-

218 3356 302 3430 dem
324 3357 365 3428 in
386 3371 480 3430 terra
499 3360 590 3456 regis
613 3362 835 3432 Francorum
856 3370 1004 3456 perante
1027 3379 1156 3428 ausum
1177 3355 1283 3432 fuisse

216 3472 365 3565 inferre,
394 3471 448 3544 vel
474 3473 550 3571 ejus
577 3499 692 3571 usque
716 3473 761 3545 ad
785 3472 911 3545 limina
935 3473 1168 3572 pertransire,
1199 3499 1283 3550 suos

216 3590 375 3663 tumidos
392 3590 615 3688 nimiumque
632 3589 678 3661 de
696 3590 768 3661 suis
784 3601 1038 3687 praesumentes
1056 3587 1283 3662 facultatibus

164 3785 168 3794 ,
215 3708 357 3778 animos
370 3707 607 3780 verisimiliter
620 3704 885 3805 temperabunt.
906 3707 942 3776 Si
959 3705 1056 3777 enim
1071 3729 1196 3778 verum
1212 3721 1278 3798 est,

215 3823 315 3919 quod
338 3821 384 3896 de
405 3822 540 3895 viribus
562 3836 597 3894 et
616 3821 777 3920 potentia
798 3817 919 3892 Galliae
936 3823 977 3890 C.
1002 3824 1116 3894 Caesar
1141 3820 1178 3892 in
1207 3821 1281 3893 suis

215 3939 490 4012 Commentariis
521 3937 567 4011 de
598 3936 700 4010 bellis
732 3936 875 4009 Gallicis
908 3936 1082 4036 seriptum
1113 3935 1276 4034 reliquit,

214 4057 323 4128 totius
336 4053 501 4130 videlicet
513 4055 634 4128 Galliae
646 4053 852 4148 consensui,
868 4077 944 4126 non
957 4053 1069 4128 modo
1082 4055 1277 4144 Romanos,

255 4304 284 4361 l.
307 4305 387 4361 Dans
400 4300 428 4360 le
441 4318 496 4360 ms.
511 4305 625 4376 suisque
640 4316 724 4376 quam
738 4304 790 4374 eis,
804 4309 858 4356 etc.
