3384 5184
627 502 737 561 LIBER
766 501 968 562 SECUNDUS.
1274 506 1331 565 tlt

268 632 364 706 bello
380 631 523 731 aggredi
550 648 586 707 et
608 657 693 706 cum
710 658 754 706 eo
782 633 966 708 dimicare.
994 633 1163 708 Nonnulli
1184 635 1331 734 quidem

267 748 389 822 conati
406 762 489 821 sunt
502 749 709 822 conflictum
729 749 776 822 ad
793 764 1001 847 sequentem
1020 749 1116 823 diem
1136 750 1252 823 iacere
1266 752 1331 824 dit-

268 863 365 955 ferri,
385 864 543 962 eoquod
560 865 644 963 equi
656 881 764 962 atque
782 865 910 937 milites
924 867 1005 938 lassi
1017 880 1052 938 et
1066 866 1198 963 fatigati
1214 867 1333 940 forent

267 1004 310 1052 ex
342 980 449 1054 celeri
477 995 512 1053 et
543 982 652 1078 longa
684 982 902 1078 equitatione
916 985 944 1072 ¹,
979 983 1085 1054 etiam
1115 982 1213 1082 quod
1247 985 1331 1058 solis

266 1109 387 1185 aestus,
409 1097 471 1194 qui
498 1112 586 1169 tnnc
614 1099 697 1170 satis
723 1096 958 1171 incalescebat
979 1099 1085 1195 (nam
1104 1100 1237 1172 mensis
1250 1100 1330 1197 julii

266 1212 372 1309 erat),
386 1227 423 1284 et
434 1213 600 1286 homines
616 1227 651 1285 et
668 1238 782 1312 equos
801 1214 995 1314 plurimum
1012 1215 1238 1311 aggravabat.
1260 1217 1331 1288 Sed

265 1330 355 1427 regis
372 1353 543 1403 accensus
563 1331 715 1403 nimium
734 1332 771 1402 in
793 1331 915 1404 hostes
941 1331 1042 1404 furor
1067 1332 1104 1404 id
1124 1334 1330 1432 permittere
1388 1387 1393 1398 ,

264 1469 335 1520 non
350 1448 481 1545 potuit.
1398 1527 1421 1558 s

311 1563 499 1663 Dispositis
533 1565 655 1662 itaque
690 1563 857 1662 utrinque
891 1564 1054 1658 aciebus,
1088 1567 1170 1639 satis
1204 1567 1331 1642 acriter
1369 1563 1393 1589 ²

263 1694 462 1776 pugnatum
479 1695 553 1771 est,
571 1679 728 1752 confusis
743 1694 864 1753 tamen
881 1694 917 1752 et
936 1681 1085 1753 minime
1102 1683 1248 1756 servatis
1267 1709 1326 1755 or·

262 1791 428 1884 dinibus3
447 1795 510 1868 sed
535 1819 576 1868 ex
601 1808 752 1892 utraque
777 1809 878 1895 parte
901 1820 1017 1894 pavor
1044 1812 1078 1869 et
1104 1811 1219 1868 metus
1245 1800 1327 1872 satis

263 1914 414 2011 turpiter
426 1927 462 1986 et
480 1915 719 2011 ignominiose
733 1915 919 2015 perplures
938 1916 1060 2014 lugam
1074 1915 1230 2013 arripere
1244 1939 1328 1988 coe-

261 2029 321 2126 git.
346 2033 393 2100 Ex
412 2032 504 2127 regis
520 2033 694 2122 exercitu,
715 2047 754 2104 ut
778 2031 968 2119 ferebatur,
989 2057 1112 2105 comes
1129 2033 1330 2105 Cenoman-

259 2145 349 2217 niae’
382 2161 416 2219 et
451 2147 621 2220 domiuus
647 2149 692 2221 de
719 2149 1012 2224 Monte-Albani·
1041 2174 1125 2221 cnm
1155 2149 1328 2220 sexcentis

258 2261 315 2333 rel
331 2263 563 2362 septingentis
578 2263 732 2352 lanceis,
756 2264 920 2338 hostibus
936 2291 1004 2338 nec
1018 2265 1101 2337 visis
1117 2318 1127 2353 ,
1145 2265 1213 2336 nisi
1234 2264 1326 2338 forte

258 2375 460 2475 deprocul,
482 2380 602 2476 sugam
620 2380 772 2477 turpiter
791 2396 1018 2478 acceperunt.
1044 2379 1212 2451 Similiter
1227 2393 1262 2451 et
1279 2379 1326 2454 de

260 2495 558 2590 burgundionum
574 2497 728 2567 exercitu
746 2496 963 2586 serebantur,
988 2512 1060 2569 tarn
1081 2493 1126 2567 de
1144 2493 1325 2592 equitibus

257 2635 366 2709 quam
390 2611 437 2682 de
461 2610 661 2711 peditibus,
687 2611 769 2709 fuga
789 2611 898 2711 elapsi
923 2612 1015 2684 ultra
1039 2626 1195 2709 quatuor
1216 2610 1325 2683 millia

257 2728 434 2819 virorum3
455 2726 623 2826 equibus
646 2728 810 2827 prolecto
835 2729 937 2801 multi
954 2730 1034 2801 caesi
1055 2727 1221 2826 captique
1247 2727 1323 2801 fue-

255 2859 358 2932 runt,
385 2859 458 2918 tam
484 2867 505 2917 a
527 2845 666 2917 rusticis
689 2845 827 2945 patriae,
847 2843 955 2944 qdam
980 2844 1027 2918 ab
1050 2844 1193 2916 armatis
1218 2844 1323 2941 regiis

256 2961 319 3060 qui
338 2975 425 3035 tunc
443 2985 510 3062 pro
524 2961 688 3034 custodia
712 2961 850 3035 Parisiis
865 2976 978 3036 erant.
1003 2962 1074 3049 Qui
1091 2987 1129 3035 se
1144 2985 1209 3061 per
1222 2985 1319 3034 cam·

253 3101 320 3176 pos
337 3077 526 3152 fundentes
550 3093 586 3151 et
611 3078 755 3168 vineas,
783 3077 1001 3179 fugientibus
1018 3078 1170 3177 graviter
1200 3077 1318 3153 immi·

254 3193 400 3268 nebant.
520 3271 528 3290 ,

302 3314 342 3381 ln
359 3333 403 3384 ea
424 3333 510 3382 vero
529 3333 609 3408 quae
626 3325 792 3383 conserta
808 3325 860 3383 est
875 3333 1018 3411 pugna,
1037 3311 1116 3410 ipso
1143 3309 1225 3383 loco
1249 3335 1317 3411 pu·

254 3449 348 3524 gnae,
383 3427 514 3499 mortui
545 3425 590 3498 de
626 3428 791 3525 utrinque
824 3427 958 3499 inventi
989 3443 1073 3499 sunt
1101 3451 1215 3527 prope
1244 3425 1318 3498 duo

253 3541 374 3615 millia.
400 3541 575 3615 Dicebant
597 3543 682 3639 regii
700 3542 820 3641 plures
837 3565 856 3615 e
873 3541 1212 3639 Burgundionibus,
1230 3548 1317 3616 Bur-

252 3655 453 3757 gundiones
469 3682 555 3731 vero
577 3684 596 3729 e
620 3661 764 3730 Francis
781 3657 900 3757 plures
922 3657 1104 3732 cecidisse.
1126 3658 1180 3733 lbi
1197 3673 1316 3733 autem

251 3772 372 3872 plures
397 3773 480 3872 equi
502 3798 587 3847 cum
611 3775 697 3847 viris
720 3775 925 3873 interempti
949 3788 1051 3870 sunt,
1078 3790 1114 3848 et
1136 3791 1212 3850 erat
1232 3777 1316 3849 satis

252 3889 480 3963 lamentabile
503 3891 599 3965 viros
625 3891 719 3964 inter
742 3915 889 3963 acervos
917 3914 1093 3992 equorum
1111 3906 1316 3992 peremptos

179 4081 182 4090 ’
293 4099 322 4157 l.
345 4096 384 4155 lls
398 4096 504 4156 etaient
520 4115 612 4156 venus
626 4096 662 4157 de
675 4096 761 4156 Riom
778 4116 816 4156 en
831 4096 880 4156 dix
891 4097 983 4172 iones.

290 4190 321 4246 ἵ.
343 4185 462 4248 Charles
473 4185 612 4261 d’Auinn,
627 4199 721 4246 comte
734 4185 774 4246 du
788 4187 893 4250 blaine.

291 4279 321 4336 3.
343 4281 416 4337 Jean
429 4276 467 4337 de
480 4274 669 4350 Montauban,
684 4276 785 4337 amiral
799 4277 836 4337 de
849 4281 969 4338 Franco.
