3282 5168
354 489 414 546 280
626 485 883 545 mstontattttu
902 485 1080 545 nunovlct
1099 489 1143 546 x1

355 633 503 720 propter
528 633 632 692 natos
656 618 731 715 jam
757 616 850 690 duos
874 615 984 689 filios¹
1001 617 1103 693 hatti
1127 644 1192 691 suo
1214 643 1252 692 se
1268 620 1412 692 frustra·

357 750 433 807 tum
448 734 654 832 inspiceret,
672 732 769 832 apud
785 756 824 804 se
840 733 1027 807 revolvens
1049 735 1151 834 quod
1174 759 1248 806 non
1273 759 1414 833 aequam

356 851 439 924 satis
461 851 690 949 partitionem
712 862 818 946 atque
839 850 1042 948 portionem
1065 866 1172 924 tantae
1199 848 1415 923 haereditatis

356 991 378 1039 a
401 967 507 1038 fratre
536 967 745 1063 accepisset,
772 964 899 1052 dolore
919 965 1130 1039 intrinsecus
1153 982 1286 1040 tactum
1307 966 1416 1038 fuisse

357 1098 393 1155 et
419 1082 628 1182 poenitentia
654 1080 803 1152 ductum
817 1084 842 1170 ¹,
864 1080 963 1178 quod
987 1106 1055 1180 pro
1076 1083 1156 1178 jure
1178 1082 1247 1154 sibi
1270 1105 1417 1180 compe·

357 1199 467 1290 tenti,
486 1198 550 1295 qui
574 1196 700 1268 unicus
716 1219 905 1292 germanus
925 1211 961 1268 ct
980 1197 1140 1271 cohaeres
1158 1198 1256 1270 fratri
1272 1223 1339 1269 suo
1357 1222 1417 1268 ex-

358 1317 504 1404 stiterat,
519 1331 593 1388 tam
608 1340 760 1413 parvum
777 1315 866 1413 quid
882 1319 1085 1416 accepisset,
1099 1318 1200 1415 quod
1212 1318 1270 1389 vix
1281 1331 1417 1390 sextan-

359 1447 431 1506 tem
444 1433 553 1504 totius
569 1432 699 1504 iaceret
713 1432 936 1504 haereditatis.
952 1425 959 1517 J
1030 1423 1033 1434 ’

409 1547 467 1620 Oh
495 1547 703 1645 hujusmodi
732 1548 838 1646 igitur
866 1571 1007 1640 causas,
1037 1573 1099 1621 seu
1122 1573 1246 1620 earum
1269 1549 1416 1622 alteram

360 1680 422 1738 aut
448 1665 571 1758 alim,
589 1655 668 1763 quae
683 1690 750 1738 nos
764 1665 951 1763 hucusque
969 1664 1076 1737 latere
1100 1665 1231 1763 potuit,
1247 1689 1269 1737 a
1285 1665 1417 1739 foedere

360 1781 460 1879 quod
493 1806 578 1853 cnm
604 1804 686 1877 rege
714 1795 934 1880 percusserat
954 1796 1145 1878 postquam
1165 1780 1417 1871 discessisset',

362 1898 462 1970 sactis
478 1899 610 1994 treugis
626 1922 710 1968 cum
730 1897 1023 1993 Burgundionum
1040 1897 1131 1969 duce
1145 1911 1260 1969 stante
1273 1898 1310 1968 in
1324 1896 1419 1968 ohsi-

362 2012 472 2084 dione
498 2025 581 2083 ante
605 2011 837 2099 Ambiannm,
856 2012 893 2084 in
913 2026 1024 2086 terras
1044 2035 1124 2083 suas
1152 2011 1348 2109 Aquitaniae
1367 2035 1420 2082 re·

363 2127 492 2216 dierat,
518 2129 696 2225 initoque,
719 2143 759 2200 ut
779 2128 950 2220 diximus,
967 2127 1100 2200 foedere
1117 2127 1313 2200 arctissimo
1336 2154 1419 2200 cum

363 2243 514 2315 ducibus
530 2244 742 2340 Burgundiae
758 2259 866 2342 atque
877 2245 1079 2335 Britannia,
1092 2245 1201 2316 etiam
1212 2243 1301 2316 alios
1314 2268 1421 2341 quos·

364 2385 539 2457 cumque,
560 2361 617 2432 vel
641 2359 805 2433 subditos
830 2358 887 2430 vel
908 2359 1094 2449 finitimos,
1123 2359 1161 2430 in
1186 2359 1283 2432 idem
1306 2359 1420 2432 soedus

364 2474 540 2548 attrahere
557 2490 593 2548 et
615 2476 792 2549 advocare
814 2475 1025 2548 conahatur.
1044 2475 1147 2547 Unde
1172 2475 1341 2547 comitem
1358 2480 1423 2546 Aru

366 2591 511 2662 miniaci
524 2593 647 2689 (quem
665 2616 724 2665 rex
741 2593 813 2664 suis
830 2592 930 2663 terris
946 2604 1091 2664 exuerat
1105 2605 1212 2688 atque
1227 2590 1423 2663 nudaverat

366 2705 416 2778 ob
439 2705 594 2803 plurima
619 2733 684 2806 per
708 2732 792 2779 eum
817 2717 954 2806 patrata
979 2706 1112 2778 scelera
1134 2720 1169 2777 et
1191 2707 1302 2804 impie
1327 2721 1423 2802 gesta

366 2835 474 2919 atque
501 2823 667 2895 secedere
699 2825 735 2895 in
762 2822 957 2920 quemdam
988 2836 1170 2914 montem,
1202 2847 1317 2922 prope
1338 2827 1423 2895 Ara·

367 2940 529 3035 geniem,
549 2965 648 3039 paene
671 2939 968 3013 inaccessibilem*
984 2939 1223 3035 compulerat)
1244 2938 1290 3010 ad
1315 2951 1424 3011 terras

408 3151 437 3208 t.
452 3144 540 3204 Louis
551 3147 594 3204 xl
604 3154 664 3212 eut,
679 3143 764 3221 apres
776 3143 804 3202 le
817 3142 947 3223 dauphin
956 3144 1087 3220 Charles,
1098 3163 1140 3204 un
1153 3159 1236 3206 autre
1245 3145 1290 3206 fils
1303 3145 1344 3204 du
1357 3164 1425 3204 nom

367 3237 404 3297 de
417 3233 565 3311 Francois,
580 3231 631 3310 qui
650 3249 688 3289 ne
704 3231 788 3288 vecut
802 3232 908 3310 guere3
926 3233 998 3291 mais
1012 3232 1039 3292 le
1056 3231 1111 3293 duc
1127 3232 1163 3293 de
1177 3233 1309 3294 Guienne
1324 3253 1362 3292 ne
1375 3247 1427 3313 put

366 3346 419 3407 pas
432 3324 460 3384 le
473 3319 633 3395 connaitre,
647 3339 698 3379 car
710 3319 730 3378 il
757 3321 825 3380 etait
846 3334 922 3381 mort
943 3322 1046 3403 depuis
1066 3323 1210 3403 plusieurs
1224 3325 1296 3384 mois
1310 3324 1427 3404 lorsque

366 3426 412 3474 cet
426 3412 526 3472 enfant
536 3411 599 3469 vint
609 3429 647 3469 au
663 3408 779 3471 monde.
1209 3426 1211 3430 ’

408 3506 438 3564 2.
460 3499 605 3560 Omission
618 3497 655 3558 de
674 3497 802 3580 quelque
816 3500 903 3562 chose
924 3522 1037 3563 comme
1061 3503 1180 3564 libenter
1199 3507 1388 3576 crediderim,⁸
1407 3504 1428 3563 il

367 3593 429 3652 taut
451 3589 528 3650 alors
552 3587 682 3666 corniger
705 3593 842 3647 revolvens
862 3609 916 3670 par
939 3596 1139 3664 revolventem,
1163 3591 1234 3651 dans
1254 3592 1282 3651 le
1298 3591 1429 3652 membre

369 3680 406 3741 de
423 3680 531 3761 phrase
545 3677 710 3757 precedent.

411 3775 440 3831 3.
462 3774 643 3828 Discessisset
652 3782 802 3845 postquam
815 3768 888 3829 dans
901 3769 930 3829 le
943 3787 998 3830 ms.

409 3865 439 3920 4.
460 3863 508 3918 Un
520 3856 659 3916 memoire
670 3857 832 3930 justificatis
842 3858 882 3918 dn
891 3872 985 3920 comte
996 3859 1200 3941 d'Arrungnac,
1215 3861 1288 3920 dont
1296 3861 1429 3942 legrand

368 3969 474 4010 nonsa
491 3947 630 4008 conserve
650 3947 677 4006 le
691 3960 768 4008 texte
782 3947 854 4009 dans
872 3969 924 4009 son
939 3950 1058 4010 Recueil
1073 3970 1124 4009 sur
1135 3950 1224 4010 louis
1234 3955 1279 4011 XI
1291 3948 1377 4031 (mss.
1393 3951 1431 4012 de

369 4043 397 4101 la
411 4040 486 4101 Bibi.
504 4042 574 4121 imp.
590 4043 633 4098 ad
643 4061 711 4098 aaa.
728 4043 832 4113 1470),
848 4054 949 4102 atteste
960 4061 1017 4120 que
1033 4045 1103 4100 c’est
1116 4045 1132 4100 h
1146 4041 1318 4101 Fontarahie
1329 4055 1358 4101 et
1371 4061 1431 4102 non

368 4151 419 4190 sur
442 4130 470 4190 la
487 4130 625 4189 frontidre
645 4129 792 4210 d'hragon
807 4149 864 4208 que
880 4149 913 4190 ce
935 4149 1116 4209 personnage
1136 4149 1219 4208 passa
1237 4129 1265 4189 le
1288 4143 1380 4208 temps
1394 4131 1432 4190 de

315 4286 318 4292 ¹
369 4239 421 4278 son
433 4219 540 4280 second
553 4218 624 4293 exii,
641 4218 744 4299 depuis
757 4221 834 4278 1669
848 4219 964 4302 jusqn’a
979 4220 1007 4279 la
1021 4221 1060 4280 fur
1075 4219 1111 4279 de
1125 4222 1215 4281 tert.
