3356 5182
649 509 760 566 LIBER
780 509 927 576 PRIMUS.
1301 515 1318 572 3

261 636 378 708 rolum
396 637 560 730 nomine,
580 663 695 711 annos
712 654 796 712 tunc
812 641 906 713 circa
922 639 1100 712 sexdecim
1120 657 1283 736 agentem
1294 648 1317 732 ¹,

261 752 406 852 optimae
424 751 552 826 indolis
573 753 766 853 probisque
788 755 949 832 moribus
969 755 1146 832 imbutum
1171 771 1206 830 ct
1227 757 1320 830 edu-

260 882 392 962 catum,
410 875 516 966 quem
532 885 633 969 pater
650 870 898 943 charissimum
915 871 1109 962 babuerat,
1129 888 1164 944 et
1179 874 1321 946 alterius

261 983 336 1078 filii,
357 987 464 1084 liujus
476 954 645 1062 ‘videlicet
662 989 847 1080 Ludovici,
867 975 1024 1066 irritatus
1041 991 1202 1067 moribus
1216 977 1323 1090 atque

260 1118 451 1201 pertaesus,
480 1131 565 1180 eum
593 1107 692 1202 regni
717 1105 896 1183 beeredcm
919 1121 1026 1205 atque
1056 1133 1322 1200 successorem,

261 1216 484 1292 exbaeredato
498 1219 696 1311 ludovico,
716 1236 756 1292 ut
773 1220 868 1294 suma
884 1238 970 1316 erat,
992 1223 1107 1296 lacere
1120 1225 1322 1319 cogitarat¹.

263 1334 365 1406 Unde
383 1331 579 1410 formidans
596 1337 670 1434 ipse
688 1335 889 1411 Ludovicus
906 1363 951 1411 ne
968 1363 1134 1438 proceres
1150 1341 1268 1435 regni,
1288 1363 1326 1412 se

261 1451 413 1548 rejecto,
444 1455 481 1526 in
507 1478 628 1550 regem
648 1454 842 1526 sublimare
867 1479 950 1526 eum
977 1455 1128 1548 vellent,
1157 1457 1327 1553 cogitavit

261 1569 418 1666 primum
435 1569 516 1642 sorti
535 1577 645 1642 mmm
661 1586 696 1642 ct
711 1595 795 1644 cum
809 1569 924 1642 valide
940 1569 1167 1670 expeditione
1185 1597 1334 1666 necesse¹

260 1682 393 1758 habere
410 1702 605 1786 paternum
621 1687 759 1783 ingredi
771 1712 935 1784 reguum.

311 1803 362 1874 Ad
385 1803 485 1901 qnod
504 1803 671 1903 praesatus
692 1804 989 1902 Burgundionum
1006 1804 1101 1900 dux,
1134 1806 1196 1904 qui
1225 1808 1326 1880 omni

261 1915 494 1992 humanitatis
511 1935 545 1992 et
562 1919 808 1992 beneficentiae
823 1918 943 1992 ollicio
958 1944 1100 2018 semper
1112 1945 1197 1992 eum
1214 1919 1328 1995 lueret

261 2048 489 2132 prosecutus,
513 2035 630 2109 libens
653 2049 687 2108 et
704 2050 925 2134 spontaneus
945 2059 982 2106 se
1000 2059 1042 2106 ac
1061 2037 1172 2111 totius
1189 2036 1329 2135 imperii

261 2167 506 2253 terrarumque
527 2180 673 2238 suerum
695 2155 786 2228 vires
808 2153 960 2246 obtulit,
989 2153 1143 2251 fecitque
1159 2154 1329 2228 mandata

262 2293 325 2368 per
341 2295 466 2343 omnes
484 2287 595 2344 terras
613 2296 707 2360 suas,
727 2284 904 2367 quatenns
920 2284 997 2341 tota
1012 2269 1180 2345 nobilitas
1196 2271 1327 2344 caeteri·

261 2409 331 2482 que
349 2387 503 2460 universi
519 2389 582 2484 qui
599 2388 635 2459 in
658 2385 871 2460 militaribus
890 2385 1178 2482 expeditionibus
1199 2388 1273 2460 suis
1293 2388 1326 2460 ei

261 2501 394 2574 servire
418 2485 701 2592 consueverant,
737 2503 852 2603 parati
881 2501 1109 2600 expeditique
1135 2502 1321 2595 adessent,

261 2643 382 2692 secum
409 2620 604 2719 profecturi
630 2619 676 2690 ad
705 2644 843 2692 novum
869 2643 989 2714 regem
1016 2618 1262 2691 inducendum
1285 2622 1323 2692 in

261 2739 360 2832 regni
387 2739 537 2837 paterni
550 2737 823 2837 possessionem.
856 2740 900 2808 Et
929 2759 1055 2808 omncs
1079 2733 1226 2832 quidem
1252 2737 1324 2810 ala-

260 2856 366 2928 criter
382 2879 420 2928 se
437 2854 681 2954 adparabant,
708 2868 747 2926 ut
763 2867 799 2927 et
816 2851 987 2952 principis
1004 2852 1058 2923 sui
1077 2852 1203 2951 optimi
1217 2875 1324 2952 pare·

260 2987 340 3044 rent
365 2971 544 3069 jussibus,
575 2987 611 3044 et
640 2972 726 3042 novi
756 2971 848 3067 regis
878 2969 1026 3067 gratiam
1060 2993 1097 3042 se
1124 2971 1322 3068 promereri

260 3088 510 3181 ostenderent;
540 3102 574 3160 et
591 3088 735 3184 utique,
759 3088 789 3159 si
806 3111 1033 3185 progressum
1049 3083 1239 3180 mandata,
1270 3088 1322 3170 uti

261 3221 511 3294 manaverant,
541 3205 772 3296 habuissent,
803 3217 943 3301 poteret
970 3204 1088 3274 statim
1111 3203 1207 3276 irlem
1237 3208 1322 3278 Bur-

261 3321 486 3421 guudionnm
505 3321 578 3393 dux
605 3319 771 3417 colligere
797 3319 957 3391 uirorum
982 3319 1126 3417 triginta
1152 3318 1262 3392 millia
1287 3335 1321 3392 et

261 3436 427 3535 emplius.

300 3729 329 3786 l.
353 3728 391 3785 Ce
406 3725 505 3804 prince
519 3723 587 3782 e'tait
599 3722 636 3780 ne
651 3721 679 3780 le
694 3723 731 3778 28
746 3716 900 3777 decembre
912 3720 1000 3776 ttts.

300 3813 329 3872 Ξ.
352 3815 449 3890 curin
465 3811 603 3870 confirme
616 3830 648 3873 ce
667 3809 718 3868 snit
736 3828 773 3867 en
791 3828 810 3884 y
825 3807 955 3880 ajoutant
971 3827 1010 3864 un
1029 3805 1260 3886 renseignement
1275 3828 1325 3867 cu-

260 3900 362 3961 rieux:
380 3929 395 3954 «ι
415 3901 447 3961 El
460 3921 492 3960 re
504 3899 539 3959 de
551 3899 722 3959 Francis...
739 3892 864 3976 procuro
880 3895 1007 3975 privnrle
1020 3895 1158 3970 (Luislde
1170 3897 1197 3955 ln
1211 3917 1325 3956 succes·

259 3990 321 4050 sion
344 3991 390 4050 det
415 4011 520 4068 repro,
542 4011 562 4068 y
582 4009 640 4068 quc
662 3989 754 4047 suesse
773 3985 920 4046 coro'nado
938 4006 992 4064 por
1009 4006 1060 4063 rey
1079 3986 1193 4060 Cnrlos,
1215 4007 1249 4045 su
1265 3985 1328 4060 hij.

259 4078 442 4160 segundo....
463 4097 484 4154 ‘y
505 4077 570 4135 lrizo
591 4076 722 4156 purello
743 4075 811 4135 todo
833 4097 867 4136 su
887 4075 995 4156 poder;
1010 4095 1081 4154 pero
1095 4095 1134 4134 no
1149 4071 1197 4134 dio'
1209 4075 1325 4155 lugere

200 4185 203 4193 ·
259 4167 298 4228 tal
320 4186 388 4226 cosa
408 4165 435 4225 el
455 4169 535 4244 Pnps
554 4165 622 4240 Pio,
643 4186 700 4226 con
719 4165 805 4244 quien
824 4185 856 4226 se
874 4160 948 4226 treto'
966 4184 1036 4243 muy
1054 4163 1321 4224 estrechamente.»

260 4261 366 4318 Anates
382 4258 419 4314 de
437 4259 466 4314 la
482 4275 583 4312 corona
597 4259 633 4314 de
651 4260 777 4334 Aragos,
796 4255 815 4314 1.
832 4259 930 4328 XVII,
946 4276 972 4315 c.
991 4275 1064 4315 xm.
