3384 5184
373 541 432 600 118
646 539 903 598 fltsroutsttust
923 539 1101 598 Luuovlcl
1121 539 1163 596 xt
1185 567 1189 580 =

374 676 534 772 quinque
556 672 677 744 leucas
704 695 779 744 non
797 645 962 770 'amplius
990 695 1011 744 s
1036 695 1075 744 se
1096 669 1286 765 distantes,
1311 673 1440 747 relictis

374 804 455 890 post
472 814 509 860 se
522 786 745 887 pedestribus
757 788 871 885 copiis
887 801 922 860 et
938 785 1102 859 curribus
1120 785 1253 884 quibus
1265 789 1441 862 machina

373 918 409 976 et
424 926 524 976 arma
535 900 662 973 bellica
675 899 913 992 vehebantur,
932 900 1076 998 aggredi
1092 902 1250 1000 primum
1269 906 1441 1000 Burgrm-

372 1018 500 1092 diones
524 1019 725 1090 destinavit.
758 1017 798 1090 ld
828 1017 977 1113 quidem
1004 1018 1238 1090 inconsulte:
1261 1043 1369 1111 uam,
1400 1035 1441 1092 nt

373 1140 519 1240 publica
538 1164 608 1211 vox
631 1151 668 1210 et
682 1137 909 1210 verisimilius
932 1153 1029 1228 erat,
1056 1139 1086 1210 si
1109 1141 1268 1238 primum
1292 1139 1340 1212 ud
1363 1141 1439 1213 Bri-

373 1276 503 1332 tonum
525 1259 719 1331 exercitum
748 1257 1003 1344 debellandum
1029 1281 1068 1330 se
1083 1261 1335 1354 convertisset,
1354 1285 1439 1334 curn

371 1399 445 1473 quo
462 1388 538 1446 erat
554 1376 720 1462 Carolus,
740 1397 931 1470 germanus
947 1399 1049 1460 suus,
1068 1389 1196 1447 contra
1212 1377 1304 1472 regis
1316 1377 1440 1475 copias

372 1489 521 1562 minime
550 1490 710 1562 Britones
740 1489 932 1562 subsistere
970 1490 1185 1587 potuissent.
1225 1495 1310 1564 Esto
1341 1492 1438 1563 enirn

373 1604 472 1704 quod
500 1619 619 1677 essent
646 1605 786 1678 circiter
809 1605 1002 1676 duodecim
1029 1604 1335 1696 millissimum,
1364 1629 1438 1678 nou

375 1736 495 1793 tumen
513 1722 562 1792 ita
578 1721 686 1793 armis
702 1721 876 1817 equisque
898 1719 1061 1791 instructi
1086 1735 1188 1791 eraut
1204 1721 1439 1818 quemadmo-

375 1835 463 1908 dum
480 1836 608 1908 milites
624 1837 746 1932 regni,
767 1858 884 1932 neque
906 1835 943 1905 in
961 1858 999 1907 re
1020 1834 1164 1932 militari
1192 1834 1285 1909 adeo
1305 1823 1451 1910 exerci·'

377 1955 454 2026 tati.
480 1953 550 2025 Sed
572 1953 656 2049 quia
683 1953 814 2023 mirum
838 1955 876 2020 in
903 1949 1053 2021 modurn
1077 1950 1324 2025 inardescebat
1348 1955 1440 2052 regis

374 2067 516 2138 animus
539 2065 585 2138 ad
606 2065 880 2165 Burgundiones
895 2062 1147 2159 debellandos,
1165 2067 1307 2140 omissis
1324 2070 1439 2142 Brito·

342 2280 352 2298 .
373 2182 495 2276 nibus,
518 2182 563 2255 ad
584 2183 752 2254 comitem
767 2181 814 2253 de
832 2177 1018 2253 Charolois
1033 2205 1114 2254 suas
1131 2183 1254 2282 copias
1270 2182 1436 2297 direxic.

742 2494 1002 2568 CAPITULUM
1027 2498 1071 2566 V.

374 2686 413 2740 De
427 2686 520 2758 prelio
530 2699 623 2741 conns
636 2683 796 2759 Burgundos
804 2686 876 2760 apud
886 2687 1118 2740 Mentem-Herieii
1129 2705 1177 2760 per
1187 2701 1273 2758 negem
1287 2686 1438 2752 commisso,

408 2766 554 2840 postqnod
570 2767 843 2839 rex‚1torh0mgum
856 2766 1015 2834 adveniens,
1028 2785 1137 2840 mogun
1148 2768 1240 2840 supin
1256 2786 1288 2822 ex
1304 2769 1435 2824 Normu·
1511 2823 1517 2840 ⁸

409 2849 454 2903 nis
467 2848 560 2904 eduxit
568 2863 594 2906 et
605 2850 719 2906 Parisios
731 2869 758 2904 se
771 2852 880 2924 recepit.

426 3034 526 3108 idem
556 3049 677 3108 autern
705 3060 829 3111 comes
857 3047 970 3137 prope
996 3036 1117 3111 villum
1143 3037 1437 3129 Montis-Hericii,

376 3149 484 3250 vulgo
503 3149 637 3224 dietam
652 3152 914 3250 Mum-leiim,
941 3169 1056 3228 castra
1073 3179 1139 3229 sua
1159 3154 1305 3246 locavit,
1328 3179 1440 3254 eaque

377 3292 508 3366 magno
543 3292 715 3340 curruum
744 3294 897 3342 numero
929 3271 1127 3361 munierat,
1160 3271 1223 3370 dri
1256 3269 1440 3346 machinas

377 3399 513 3457 suaset
537 3383 622 3457 belii
637 3400 851 3484 apparatum
869 3386 1060 3462 vehebant.
1081 3391 1173 3460 Cum
1190 3413 1274 3485 ergo
1291 3388 1337 3461 ad
1355 3411 1440 3460 eum

378 3500 499 3570 locum
526 3526 587 3572 rex
612 3502 836 3575 adventasset
846 3505 870 3594 ¹,
891 3502 928 3575 in
951 3530 1024 3603 quo
1044 3519 1201 3577 castrum
1226 3504 1335 3577 habet
1358 3505 1440 3577 satis

378 3614 544 3709 firmum,
569 3614 726 3691 decrevit
744 3619 837 3692 illico
860 3621 978 3720 ipsum
1003 3623 1173 3694 comitem
1190 3621 1236 3693 de
1254 3620 1441 3693 ctarotou

417 3837 445 3895 1.
467 3835 632 3896 Commines
648 3850 691 3895 est
706 3835 774 3896 bien
788 3836 854 3916 pius
866 3837 1021 3916 croyuble‚
1037 3839 1168 3918 lorsqu’il
1183 3840 1314 3911 sffirme,
1328 3857 1440 3899 comme

374 3923 401 3982 ie
415 3936 514 3984 tenent
530 3924 567 3984 de
583 3924 670 3984 Louis
686 3929 728 3984 Xl
744 3925 920 4002 lui-meme,
934 3929 1033 4005 queis
1048 3928 1162 3988 dessein
1178 3928 1215 3988 ds
1236 3928 1354 3988 celui-ei
1373 3927 1441 3988 tuit

371 4011 474 4072 d’uiier
488 4031 519 4072 se
536 4013 697 4073 reniermer
710 4011 782 4072 dens
800 4015 882 4074 Paris
903 4035 941 4075 eu
955 4017 1065 4076 evitant
1085 4017 1127 4077 ies
1146 4018 1389 4098 Bourguignons‚
1412 4031 1441 4078 st

372 4121 429 4180 que
445 4103 473 4161 iu
487 4115 641 4163 rencontre
654 4106 735 4162 n’eut
747 4103 806 4162 lieu
820 4124 878 4182 que
892 4125 978 4183 perce
991 4127 1048 4185 que
1064 4108 1161 4167 Pierre
1174 4107 1212 4167 de
1223 4108 1312 4167 Βιόιό
1325 4106 1354 4166 ls
1367 4126 1440 4186 pro-

374 4211 444 4251 curo
458 4191 495 4253 de
508 4213 540 4253 sa
554 4215 659 4273 propre
674 4193 800 4254 solunte.
816 4199 981 4271 Memoires,
998 4198 1019 4259 Ι.
1035 4202 1060 4272 1,
1075 4218 1101 4257 c.
1117 4219 1164 4256 ιιι.

416 4285 445 4385 2.
470 4286 508 4342 ts
519 4283 614 4358 juillet
627 4287 715 4344 trus.
