3282 5168
596 597 705 654 unm
724 597 908 670 Qumrus.
1225 599 1278 658 aar

221 731 273 803 rei
293 753 314 801 a
336 753 374 802 se
396 727 547 822 venditae
574 728 837 827 possessionem
860 728 1119 824 deventurum
1146 747 1182 806 et
1199 732 1283 830 quia

220 846 428 945 hujusmodi
463 847 618 945 pretium
650 845 811 944 recipere
838 847 914 946 ipse
943 847 1016 920 dux
1044 847 1279 946 Burgundiae‚

219 979 348 1038 contra
363 963 480 1058 legem
498 960 733 1054 venditionis,
753 977 949 1056 recusarat,
968 988 1006 1036 se
1024 963 1283 1038 rationabiliter

220 1079 266 1153 ab
292 1104 336 1151 eo
361 1077 515 1150 deficere
531 1091 566 1148 et
583 1076 629 1149 ad
652 1077 812 1176 priorem
832 1079 962 1150 reverti
983 1079 1173 1151 dominum
1190 1103 1283 1178 pne—

219 1194 431 1266 tendebant.

269 1311 430 1402 Qualiter
447 1324 569 1383 autern
594 1323 722 1380 cavent
739 1307 862 1382 litterae
878 1310 980 1383 dictae
992 1309 1227 1401 venditionis,
1246 1326 1283 1384 et

219 1416 269 1498 an
289 1423 491 1500 redimendi
520 1424 739 1517 facultatem,
759 1427 876 1525 pretio
902 1428 1065 1504 restituto
1087 1426 1279 1518 venditori,

219 1558 423 1635 servarent,
448 1556 556 1639 atque
578 1539 686 1611 etiam
713 1541 742 1612 si
769 1540 924 1640 pretium
949 1543 1067 1642 ipsum
1092 1543 1282 1618 verbaliter

220 1673 360 1732 tantum
386 1658 443 1731 vel
469 1659 576 1730 etiam
601 1655 754 1749 realiter,
779 1672 815 1746 et
839 1658 963 1732 debito
988 1660 1099 1732 modo
1121 1661 1281 1734 oblatum

219 1773 430 1867 fuerit‚satis
442 1786 670 1871 compertum
685 1795 760 1843 non
778 1771 980 1846 habemus¹.
995 1777 1143 1870 Constat
1159 1789 1280 1850 tamen

219 1891 319 1987 quod
340 1895 564 1963 Ferretenses
584 1887 651 1960 sub
670 1913 714 1960 eo
731 1888 853 1962 colore
874 1889 1112 1963 desectionem
1128 1906 1280 1967 attenta·

219 2017 315 2078 runt.

228 2161 231 2170 ·
267 2123 334 2195 Cui
349 2148 435 2196 cum
452 2121 626 2194 obsistere
640 2137 676 2194 et
696 2122 896 2195 remedium
913 2121 1018 2216 dare,¹
1036 2125 1280 2226 ne0rolerre·

219 2255 277 2312 tur
289 2244 312 2332 ⁸,
344 2240 535 2338 praedictus
561 2237 815 2328 melenbach,
844 2239 1113 2314 administrator
1133 2246 1277 2342 patriae,

217 2370 423 2448 conaretur,
452 2369 579 2453 atque,
605 2349 869 2452 hujns'gratia,
902 2357 1107 2455 praesidium
1139 2359 1280 2431 circiter

218 2475 562 2573 quadringentorum
587 2470 883 2568 Burgundionum
906 2473 942 2545 in
968 2473 1105 2573 oppido
1125 2473 1171 2545 de
1201 2478 1280 2546 Bri·

217 2593 321 2690 sacq³
344 2590 569 2681 collocasset,
594 2588 906 2685 ducentorumque
932 2591 1195 2662 Germanorum
1221 2615 1281 2690 pe·

217 2707 334 2780 ditum
358 2705 403 2777 de
425 2705 528 2778 terris
553 2705 647 2792 illis,
666 2704 762 2776 cives
785 2703 878 2775 illius
894 2703 984 2793 loci,
1006 2705 1111 2776 veriti
1132 2730 1280 2805 oppres-

217 2823 335 2896 siones
354 2819 547 2918 hujusdem
565 2818 813 2912 Huclmbnrh,
839 2818 1015 2915 adjunctis
1041 2834 1076 2892 et
1100 2820 1281 2893 associatis

217 2965 340 3016 secum
360 2938 547 3011 Germanis
562 2936 626 3034 qui
640 2935 711 3007 illic
728 2935 765 3007 in
785 2936 950 3035 praesidio
973 2949 1093 3025 erant,
1117 2941 1279 3034 Burgun-

217 3056 344 3129 diones
354 3081 395 3128 ex
412 3053 548 3154 oppido
566 3035 745 3148 ejecerunt
758 3058 793 3122 et
806 3050 923 3149 ipsum
939 3049 1170 3124 Hachenbaclr
1182 3077 1279 3125 com·
1349 3095 1351 3102 ·

218 3172 436 3271 prehensum
452 3171 489 3242 in
508 3192 687 3241 carcerem
702 3165 945 3238 detruserunt.
962 3164 1071 3254 Quod
1089 3167 1126 3238 in
1143 3167 1279 3239 hebdo-

216 3289 323 3362 mada
342 3285 481 3378 sancta,
498 3285 552 3357 vel
571 3283 658 3356 seria
674 3282 814 3380 quinta,
827 3281 883 3354 vel
897 3295 1005 3374 sexta,
1019 3296 1158 3378 gestum
1172 3283 1278 3356 tuisse

216 3405 427 3480 serebatur⁴.

258 3642 286 3698 l.
303 3640 342 3698 Ce
352 3632 452 3695 n’e'tait
462 3651 499 3692 en
509 3629 609 3691 realite
620 3628 712 3708 qu’un
723 3643 925 3709 engagement,
934 3649 972 3690 au
984 3631 1049 3710 prix
1061 3632 1098 3692 de
1108 3635 1146 3694 80
1154 3636 1213 3694 000
1226 3635 1280 3694 llo-

215 3729 289 3803 rins,
304 3723 539 3788 non-seulement
560 3721 600 3780 du
614 3720 708 3779 comte
729 3719 766 3777 de
784 3723 909 3794 Ferette,
924 3721 997 3780 mais
1020 3720 1057 3781 de
1075 3735 1137 3782 tout
1155 3723 1182 3781 le
1197 3723 1280 3782 laud·

216 3819 330 3901 graviat
343 3817 380 3877 de
395 3816 533 3895 Brisgau3
552 3826 580 3872 et
596 3811 624 3871 le
638 3809 697 3898 duc,
708 3810 744 3868 de
757 3815 930 3890 Bourgogne
943 3831 981 3871 ne
994 3811 1090 3872 refusa
1110 3813 1175 3892 plus
1188 3813 1280 3873 d’etre

216 3907 397 3979 rembourse,
413 3903 512 3982 quand
524 3904 543 3962 il
562 3903 605 3962 vit
618 3901 688 3980 qu'il
704 3900 781 3960 avait
794 3901 885 3978 perdo
898 3901 927 3961 le
941 3922 1023 3982 pays.
1040 3902 1207 3982 Schmpffin,
1219 3907 1277 3961 At-

216 4001 292 4058 ratia
304 4001 458 4069 illustrata,
473 4006 494 4054 t.
508 3997 548 4068 11,
560 4014 591 4072 p.
606 3994 656 4051 22.

256 4091 285 4146 2.
314 4088 500 4163 Proficcretar
511 4085 583 4144 dans
596 4083 624 4143 le
636 4102 688 4142 ms.

259 4179 287 4235 3.
310 4174 447 4248 Erimon,
462 4171 584 4253 capitale
601 4171 640 4231 du
654 4170 790 4250 Bn'sgeu,
806 4166 990 4244 aujourd’hui
1006 4167 1077 4228 daus
1090 4168 1118 4228 le
1133 4167 1227 4228 duchd
1241 4169 1278 4228 de

216 4264 304 4324 Bade.
395 4285 398 4294 ¹
550 4313 552 4320 .

257 4355 286 4410 d.
310 4357 350 4412 Le
371 4357 443 4411 'lou
458 4353 475 4408 8
490 4349 564 4409 avril
578 4353 667 4408 1074.
