3402 5186
360 513 377 569 d
633 507 889 566 msaontrtautu
910 511 1087 569 Lunovtct
1113 510 1157 566 xl

357 643 424 716 sibi
449 643 619 715 amicitias
647 642 909 738 conquisierat,
945 664 1018 714 uon
1049 641 1185 740 absque
1211 642 1336 742 capitis
1365 641 1420 716 sui

359 757 643 854 multorumque,
663 759 722 853 qui
742 783 823 828 eum
841 771 1024 857 receptare
1041 759 1077 830 in
1095 758 1244 831 diversis
1263 758 1420 832 latibulis

358 874 433 946 ausi
451 872 609 961 luerunt,
636 873 770 965 ingenti
786 871 1007 958 discrimine,
1029 899 1092 971 per
1109 873 1256 970 aliquod
1281 889 1420 974 tempus
1481 883 1493 945 .'·

358 989 496 1062 delituit
521 988 587 1060 sub
613 987 834 1062 dissimulato
860 987 1002 1075 babitu,
1034 989 1173 1066 diversa
1195 990 1276 1062 loca
1294 1015 1419 1088 perva-

356 1119 474 1201 gatus3
491 1127 577 1174 nam
591 1127 770 1200 nusquam
782 1101 864 1174 loco
875 1128 949 1174 uno
961 1104 1024 1175 diu
1038 1104 1148 1177 latere
1162 1117 1316 1203 poterat,
1334 1125 1417 1177 cum

360 1247 460 1324 paene
476 1220 608 1316 ubique
622 1221 899 1319 perquireretur,
913 1235 947 1290 et
966 1245 1048 1296 eum
1067 1221 1420 1320 apprehendentibus

359 1338 523 1438 praemia,
555 1336 822 1435 receptantibus
849 1360 933 1407 vero
957 1350 991 1408 et
1019 1337 1215 1408 celantibus
1234 1361 1317 1434 eum
1336 1363 1421 1437 sup·

358 1453 462 1554 plicia
499 1452 622 1524 edictis
665 1451 842 1549 regalibus
885 1453 1029 1551 publice
1064 1454 1248 1552 proposita
1288 1467 1417 1526 essent.

359 1569 489 1658 Quales
506 1593 593 1640 vero
607 1570 720 1642 exitus
737 1570 888 1666 quisque
908 1593 1053 1660 eorum,
1072 1584 1263 1666 postquam
1279 1567 1360 1640 talla
1376 1569 1422 1640 de

359 1686 449 1784 regis
466 1684 716 1758 benevolentia
733 1686 967 1784 percepisset,
987 1685 1184 1775 invenerit,
1212 1697 1334 1784 postea
1355 1709 1421 1755 suo

325 1801 485 1910 “ordine
501 1800 686 1872 referetur.

408 1923 533 1989 Factus
543 1917 650 2013 igitur
663 1939 822 2003 securus,
840 1927 875 1985 et
886 1915 972 2012 quia
989 1915 1108 1988 nullus
1118 1915 1163 1987 ad
1177 1915 1424 1989 contradicen-

360 2034 447 2105 dum
464 2032 690 2104 coronationi
706 2055 777 2104 suae
794 2029 938 2102 auderet
957 2057 994 2103 se
1010 2032 1183 2130 ingerere,
1201 2047 1235 2103 et
1251 2033 1423 2130 quoniam

362 2148 531 2220 militares
545 2147 658 2246 copiae
670 2146 779 2244 patris
793 2161 967 2247 promptae
979 2148 1025 2220 ad
1038 2147 1281 2220 obediendum
1291 2161 1423 2238 essent,-

363 2263 495 2337 eisdem
514 2264 617 2334 novis
642 2262 795 2334 ducibus
815 2289 878 2336 seu
898 2265 1091 2362 capitaneis
1110 2265 1244 2361 majore
1262 2290 1305 2336 ex
1325 2278 1425 2363 parte

363 2380 586 2469 commissis,
622 2379 667 2450 ad
691 2379 815 2451 urbem
838 2384 1073 2470 Remensem,
1105 2383 1141 2451 in
1167 2404 1237 2477 qua
1261 2380 1307 2452 de
1323 2403 1425 2450 more

363 2499 582 2567 Francorum
601 2517 700 2594 reges
724 2496 846 2594 inungi
868 2495 1004 2586 solent,
1025 2485 1240 2593 quantocius
1256 2495 1425 2568 accedere

365 2609 552 2682 festinarit.
1293 2673 1295 2678 .

415 2727 468 2799 Ad
480 2753 588 2826 quam
599 2753 642 2800 cx
659 2727 860 2816 Brabantia,
873 2725 967 2798 illius
978 2725 1121 2799 illustris
1132 2724 1426 2822 Burgundionum

366 2843 467 2916 ducis
494 2845 647 2943 Philippi
678 2844 866 2942 praesentia
898 2842 1109 2940 comitisque
1139 2841 1186 2914 de
1220 2841 1424 2926 Clearoloir,

368 2961 442 3057 ejus
460 2959 521 3030 filii
541 2961 657 3051 unici,
684 2960 891 3055 ingentique
912 2982 1101 3057 procerum
1127 2970 1233 3057 atque
1251 2958 1427 3030 nobilium

253 3075 257 3086 '
369 3076 532 3146 onmium
558 3089 730 3146 terrarum
759 3099 905 3145 suarum
930 3075 1179 3147 honestissima
1202 3074 1435 3154 multitudiue.

369 3190 530 3288 stipatus,
550 3213 634 3260 cum
649 3188 835 3260 transitum
848 3188 990 3282 faceret,
1010 3189 1106 3287 apud
1123 3190 1298 3289 oppidum
1317 3195 1428 3261 Aven-

369 3306 611 3394 nis—Comitis,
641 3305 678 3376 in
704 3305 934 3397 Harrnonia¹,
954 3307 1064 3404 patris
1080 3307 1264 3403 exsequias
1279 3319 1312 3377 et
1330 3327 1429 3378 sacra

289 3451 304 3481 ·.
371 3417 503 3490 funeris
528 3419 717 3519 persolvit3
747 3435 821 3491 tam
848 3445 935 3492 vero
964 3422 1062 3492 tenui
1085 3435 1121 3492 et
1145 3421 1225 3492 exili
1242 3444 1377 3520 pompa
1393 3433 1429 3494 et

372 3535 552 3633 impensa'
570 3551 621 3624 ut,
639 3535 781 3633 qualem
798 3536 844 3607 ad
860 3537 1039 3609 viventem
1055 3537 1219 3612 allectum
1232 3537 1426 3630 habuisset,

371 3655 453 3725 satis
470 3676 512 3722 ex
530 3651 601 3724 boo
618 3655 693 3752 ipse
710 3653 890 3726 indicavit.
912 3658 1095 3742 Quantum
1108 3677 1194 3726 vero
1212 3653 1347 3726 luctum
1363 3679 1430 3753 pro

373 3769 460 3840 tanti
475 3767 631 3840 carentia
642 3768 749 3865 patris
763 3782 798 3838 et
810 3768 911 3840 obitu
925 3769 1119 3841 introrsum
1134 3768 1280 3840 duceret
1292 3769 1429 3859 animo,

373 3883 593 3970 dissimulare
615 3908 688 3954 nou
710 3885 849 3982 potuit,
876 3883 937 3981 qui
950 3873 953 3880 ’
966 3884 1043 3983 ipso
1067 3885 1316 3982 exsequiarum
1346 3883 1427 3976 die,

415 4081 440 4136 1.
468 4103 480 4126 ιι
494 4074 798 4148 nvesnes-te-Comte,
816 4094 852 4133 cn
867 4075 1002 4134 llainaut.
1015 4101 1028 4126 ν

411 4163 440 4222 2.
464 4163 654 4244 Exegeration
668 4163 738 4222 dont
751 4183 790 4222 ou
807 4183 838 4222 se
858 4163 1031 4222 convaincra
1051 4182 1088 4220 en
1107 4161 1192 4221 lisant
1214 4163 1242 4221 la
1257 4161 1432 4242 description

371 4269 429 4328 que
442 4253 571 4332 Georges
583 4251 744 4312 chastelain
762 4273 779 4311 a
792 4252 907 4312 donnae
920 4252 958 4312 de
971 4265 1044 4312 cette
1057 4251 1230 4311 cerc'monie.
