3282 5168
519 491 529 519 ⁶
594 545 705 603 anan
733 543 915 619 Quantus.
1227 547 1280 602 an

276 676 347 751 Sed
363 701 439 750 non
455 690 531 750 erat
547 675 623 750 baec
642 677 808 768 saevi0r¹‚
877 701 907 749 ae
922 691 1049 749 contra
1065 681 1288 751 Francorum

227 795 422 868 exercitum
438 793 640 887 dimicaret,
659 793 849 867 hostilitas.
874 791 1086 891 Pugnabant
1101 795 1197 868 enim
1215 795 1287 868 ele·

229 926 350 984 menta
365 925 492 984 contra
507 936 586 1004 eos,
605 934 648 984 ac
664 912 778 984 multo
795 911 875 1010 plus
892 909 1039 1011 deipsis
1057 926 1212 1009 stragem
1230 911 1287 985 fa·

228 1027 371 1101 ciebant
380 1026 610 1100 vehementes
621 1027 715 1101 illius
727 1028 882 1124 regionis
890 1043 925 1100 et
936 1051 1039 1128 paene
1047 1026 1290 1100 intolerabiles

228 1143 313 1217 solis
328 1157 452 1234 aestus,
474 1143 537 1242 qui
551 1144 643 1217 adeo
660 1145 780 1242 magni
805 1167 889 1216 curn
905 1141 1013 1239 longa
1033 1167 1099 1242 per
1113 1143 1289 1243 plurimos

229 1283 369 1332 menses
384 1260 541 1333 siccitate
565 1259 628 1334 illo
645 1283 743 1332 anno
767 1282 868 1356 paene
884 1258 1019 1357 ubique
1036 1274 1213 1333 terrarum
1230 1283 1291 1334 ex·

228 1377 413 1470 stiterunt,
443 1391 483 1450 ut
507 1392 645 1451 veteres
667 1375 873 1450 Phaetontis
890 1375 1027 1449 fabulas
1044 1391 1080 1450 et
1095 1375 1263 1450 incendia
1280 1432 1290 1464 ‚

229 1518 308 1592 quae
324 1491 393 1565 sub
411 1492 480 1566 illis
496 1491 677 1566 veteribus
702 1491 848 1566 fuerunt
864 1492 1111 1589 temporibus,
1131 1492 1290 1565 reditum
1345 1511 1348 1518 ’

230 1609 547 1683 esse'rideretur.
573 1612 655 1681 Non
673 1608 769 1680 enim
789 1620 867 1680 erat
883 1605 976 1680 ullus
1003 1622 1077 1680 tam
1095 1633 1203 1680 senex
1228 1624 1293 1683 aut

229 1724 460 1825 grandaevus,
489 1723 552 1821 qui
583 1745 747 1818 unquam
778 1720 911 1794 similes
938 1721 1021 1794 solis
1046 1721 1193 1795 ardores
1218 1747 1291 1798 una

229 1854 348 1916 aestate
367 1839 495 1912 vidisse
512 1838 745 1912 meminisset.
758 1842 846 1927 Quae
856 1861 913 1909 res
929 1836 1085 1928 Francis,
1104 1839 1167 1935 qui
1183 1839 1290 1912 etiam

229 1957 386 2059 plurium
408 1981 530 2029 rerum
553 1954 834 2029 necessariarum
860 1956 1012 2054 penuria
1037 1979 1129 2055 saepe
1152 1955 1291 2029 labora·

229 2073 318 2148 bant
341 2075 451 2172 (nam
474 2074 595 2146 omnia
622 2074 716 2146 illius
738 2072 894 2171 regionis
910 2085 948 2144 et
965 2071 1165 2145 vicinarum
1181 2087 1291 2146 terra·

230 2213 312 2262 rum
328 2188 495 2262 victualia
506 2214 585 2288 prae
608 2188 720 2261 nimia
738 2188 927 2260 hominum
949 2199 984 2260 et
1005 2212 1183 2285 equorum
1200 2187 1292 2260 mul·

230 2304 382 2378 titudine
410 2304 755 2404 consumpserant),
788 2305 961 2377 maximas
982 2304 1099 2376 attulit
1121 2303 1289 2392 inedias,

230 2435 339 2520 atque
354 2422 448 2494 inter
462 2446 525 2494 eos
540 2421 715 2522 plurimos
732 2433 768 2492 et
782 2419 899 2491 varios
914 2419 1061 2492 morbos
1076 2419 1289 2512 cumulavit3

231 2538 398 2636 equibus
417 2538 580 2638 prolecto
602 2537 710 2633 longe
733 2537 979 2637 pluresquam
998 2536 1118 2634 gladio
1139 2550 1175 2610 et
1195 2536 1291 2611 bello

231 2652 412 2752 absumpti
427 2666 464 2725 et
479 2653 641 2727 exstincti
654 2653 758 2726 luisse
775 2651 994 2724 ferebantur.

281 2774 373 2843 Cum
404 2793 490 2843 vero
524 2769 785 2868 primogenitus
810 2767 923 2840 filius⁸
947 2769 1040 2863 regis
1059 2772 1289 2867 Aragonum,

232 2891 341 2982 agens
365 2897 452 2957 tunc
478 2884 515 2955 in
533 2884 679 2956 remotis
694 2883 787 2956 circa
813 2883 1035 2977 Valentiam,
1064 2882 1294 2958 intellexisset

232 3003 342 3099 regis,
366 3001 535 3098 genitoris
556 2999 636 3086 sui,
654 3000 860 3100 civiumque
883 2997 1113 3073 obsessorum
1134 2998 1294 3100 pericula
1396 3035 1398 3040 v

234 3134 271 3192 et
285 3143 491 3218 pressuras,
506 3118 633 3191 dolore
650 3119 863 3198 intrinsecus
881 3131 1016 3208 tactus,
1034 3117 1086 3188 uti
1109 3141 1176 3215 par
1192 3128 1290 3208 erat,

233 3234 334 3336 quod
350 3234 447 3306 idern
464 3259 550 3306 suus
566 3235 708 3332 genitor
720 3236 886 3331 civesque
905 3234 957 3306 illi
975 3231 1171 3306 fidelissimi
1187 3232 1295 3306 tantis

232 3351 459 3450 subjacerent
476 3351 667 3449 periculis,
689 3354 866 3451 tantisque
884 3349 1146 3425 calamitatibus
1170 3365 1207 3422 et
1230 3374 1294 3423 an·

233 3467 355 3566 gustiis
369 3481 631 3566 premerentur,
646 3467 808 3540 debiturn
824 3467 871 3539 ad
887 3466 1055 3540 eumdem
1068 3477 1208 3566 patrem
1223 3466 1296 3567 pie·

233 3588 314 3660 tatis
341 3584 511 3659 exhibere
539 3610 669 3658 curans
701 3584 878 3679 officium,
914 3585 1064 3658 collecta
1094 3583 1141 3658 ad
1175 3585 1295 3658 statim

234 3701 396 3800 majore,
426 3724 536 3800 quam
557 3699 698 3799 potuit,
718 3713 793 3773 tarn
809 3699 973 3799 equitum
999 3723 1110 3798 quam
1133 3699 1296 3799 peditum

234 3842 370 3912 manu,
388 3816 438 3890 ad
453 3815 643 3890 ferendum
662 3813 816 3890 obsessis
831 3815 957 3890 solatia
974 3829 1011 3888 et
1027 3814 1072 3889 ad
1090 3837 1299 3888 succurren-

275 4111 305 4168 t.
326 4108 430 4168 aanor
442 4105 514 4166 dans
526 4105 556 4166 la
569 4125 623 4168 ms.

275 4203 306 4262 ἲ.
328 4199 464 4282 corriges
476 4202 598 4260 reditum
611 4204 660 4259 iri.

278 4297 307 4355 8.
329 4293 510 4370 tertianus,
525 4291 695 4356 snrncnnk
707 4292 810 4373 dapnis
823 4292 851 4361 la
865 4291 1046 4371 Catholiqm.
