3402 5186
644 522 924 582 manaremus.
1275 525 1310 585 tr
1382 589 1385 600 ,

249 665 387 724 veteres
405 637 682 748 conventiones,
704 655 957 728 commissariis
978 653 1040 728 ilio
1061 679 1081 728 a
1105 680 1187 756 rege
1206 655 1313 730 desti·

250 765 343 838 natis
361 763 570 838 deliberavit
588 780 624 838 et
645 767 793 842 tradidit
802 771 821 836 ¹.

298 884 408 953 Erant
420 895 540 954 autem
557 883 684 982 popuii
699 897 875 957 terrarum
888 882 1044 975 illarum,
1061 888 1255 984 presertim
1270 888 1315 962 de

250 997 434 1070 Ambianis
453 1013 489 1070 et
510 997 784 1092 abbatis-Villa,
808 1001 941 1072 mirum
962 1000 999 1072 in
1022 1002 1173 1075 modurn
1195 1003 1264 1076 laeti
1281 1018 1317 1077 et

250 1113 433 1187 exhilarati
462 1114 562 1212 quod
585 1113 631 1188 ad
661 1116 720 1213 jus
742 1139 887 1189 ooronae
919 1115 1044 1212 regalis
1071 1119 1312 1208 revertissent,

250 1230 296 1304 ad
310 1229 423 1328 quod,
442 1243 614 1327 tanquam
631 1230 677 1304 ad
694 1233 855 1304 naturale
871 1231 1076 1330 imperium,
1095 1232 1263 1306 dicebant
1279 1259 1316 1307 se

250 1361 409 1446 spectare
422 1360 457 1418 et
470 1347 648 1445 pertinere
660 1346 804 1422 debere.
822 1351 866 1420 Et
879 1347 962 1421 licet
978 1347 1045 1421 sub
1061 1347 1199 1422 ditione
1216 1349 1317 1423 ducis

251 1461 565 1560 Burgundionum,
585 1487 651 1562 pro
671 1463 823 1563 pignore
840 1463 994 1556 detenti,
1018 1489 1061 1535 ex
1082 1461 1245 1538 libertate
1265 1465 1315 1539 ci·

249 1578 324 1672 viti,
341 1577 409 1650 sub
423 1602 496 1677 qua
511 1579 641 1652 servati
655 1579 806 1672 fuerant,
825 1580 870 1654 in.
881 1602 1028 1674 magnas
1042 1603 1131 1678 opes
1145 1595 1179 1653 et
1192 1581 1317 1682 populi

250 1697 518 1770 multitudinem
549 1697 804 1789 excrevissent,
833 1697 996 1794 scireque
1023 1695 1125 1769 facile
1150 1713 1318 1795 poterant

250 1815 388 1886 vicinos
401 1837 500 1908 suos,
520 1838 613 1911 quos
629 1815 726 1911 regia
743 1811 888 1885 tenebat
903 1838 1044 1903 manus,
1065 1815 1228 1887 maximis
1244 1816 1318 1888 col·

249 1932 423 2004 lationum
442 1945 476 2004 et
493 1930 718 2029 vectigalium
733 1930 903 2028 angustiis
917 1924 1059 2030 pressos
1075 1943 1109 2002 et
1126 1954 1316 2030 oppressos

250 2046 393 2146 (idque,
422 2047 500 2121 solo
529 2062 721 2148 prospectu
748 2046 913 2119 villarum
942 2060 978 2118 et
1008 2045 1180 2120 facierum
1210 2061 1317 2146 atque

250 2164 400 2237 amiotus
420 2164 640 2263 populorum
663 2164 846 2259 utriusque
870 2162 1040 2252 dominii,
1069 2163 1316 2260 unusquisque

250 2303 443 2376 agnoscere
465 2293 501 2350 et
518 2278 715 2376 dijudicare
733 2277 916 2378 poterat),
935 2302 978 2350 ex
997 2277 1155 2374 quadam
1173 2294 1313 2372 tamen,

251 2394 304 2465 vel
321 2393 524 2491 arrogantia
539 2417 618 2491 quae
634 2418 677 2464 ex
693 2391 860 2464 secundis
884 2392 935 2464 eis
956 2391 1064 2464 rebus
1078 2408 1313 2490 provenerat,

250 2533 314 2582 seu
330 2509 493 2598 stultitia,
514 2531 585 2605 qua
607 2505 676 2578 sub
700 2505 778 2578 dira
803 2508 894 2603 regis
921 2508 1089 2580 servitute
1112 2532 1221 2605 quam
1247 2509 1315 2582 sub

250 2623 346 2697 bona
369 2639 405 2697 et
427 2624 522 2698 civili
545 2622 707 2696 libertate
739 2647 815 2694 esse
843 2621 1042 2713 malebant,
1076 2623 1169 2695 miro
1201 2624 1314 2699 modo

249 2743 472 2819 exsultabant
488 2767 526 2816 se
542 2767 563 2816 a
579 2740 680 2814 ducis
697 2739 834 2813 ditione
851 2737 897 2812 ad
919 2741 1052 2837 regiam
1071 2763 1219 2814 manum
1237 2765 1314 2814 esse

249 2859 452 2935 devolutos.
1033 2861 1039 2872 ’

299 2982 341 3049 Et
362 2976 435 3048 hoc
461 2975 573 3048 modo
594 2973 741 3074 quidem
767 2971 922 3069 vulgaris
944 2969 1167 3046 afficiebatur
1193 2974 1313 3047 multi-

249 3093 351 3166 tudo.
373 3093 443 3180 Qui
470 3105 590 3163 autem
615 3087 823 3161 honestiore
838 3087 920 3160 loco
937 3103 1055 3162 essent
1075 3102 1112 3160 et
1130 3089 1311 3187 insipienti

249 3208 355 3310 vulgo
369 3209 543 3282 oculatius
556 3219 684 3278 cuncta
698 3206 934 3294 intuerentur,
953 3191 1059 3302 longe
1071 3206 1172 3280 aliter
1182 3229 1203 3278 a
1215 3206 1312 3306 vulgi

249 3326 446 3401 temeritate
472 3319 684 3396 sentiebant.
714 3319 819 3392 Unde
842 3343 909 3391 nec
931 3318 1071 3419 plebeia
1095 3321 1309 3418 multitudo,

248 3560 305 3619 duc
318 3571 382 3620 sont
396 3557 493 3618 datdes
503 3556 582 3615 l’une
594 3553 634 3614 du
648 3555 685 3612 ta
700 3549 875 3632 septembre,
891 3549 994 3608 l'autre
1007 3548 1048 3608 du
1061 3552 1079 3608 8
1091 3550 1310 3618 octobrettdss.

249 3647 370 3728 [englet
384 3647 560 3722 Dufresnoy,
579 3647 745 3717 commines,
764 3653 785 3700 t.
804 3643 844 3714 11,
859 3659 890 3717 p.
908 3639 977 3698 395.

289 3741 318 3795 1.
342 3741 384 3794 La
395 3735 499 3794 remise
508 3733 559 3793 des
569 3745 660 3792 terres
671 3730 815 3810 engagees
828 3740 878 3786 eut
892 3727 950 3785 lieu
960 3726 988 3784 le
997 3728 1210 3790 arnovembre
1220 3733 1310 3795 1163.

248 3831 303 3886 Les
313 3824 522 3885 commissaires
535 3822 671 3903 delegur'as
684 3839 739 3899 par
752 3820 780 3878 te
793 3817 837 3876 roi
852 3817 907 3874 ala
919 3816 1066 3894 reception
1075 3819 1181 3878 etaient
1194 3843 1200 3878 :
1213 3821 1312 3884 Pierre

247 3915 285 3974 de
297 3912 484 3984 Morvilliers,
497 3909 662 3973 chancelier
676 3907 712 3967 de
726 3911 851 3980 Franoe3
867 3904 1008 3964 Bertrand
1022 3905 1059 3969 de
1073 3909 1228 3983 Beauvau,
1242 3910 1313 3989 pre·

247 4005 341 4068 sident
351 4004 387 4063 de
398 4003 427 4060 la
437 4001 573 4062 chambre
584 4001 636 4060 des
645 4010 792 4078 comptes;
805 3996 972 4056 Guillaunre
980 3997 1122 4058 Jouvenel
1134 3997 1185 4058 des
1193 4001 1311 4076 Ursins3

246 4095 365 4156 charles
377 4092 413 4153 de
422 4092 533 4166 Melon,
542 4090 624 4150 bailli
633 4089 670 4148 de
680 4091 769 4164 Sena,
781 4086 880 4146 Pierre
888 4085 985 4162 Be'rat,
993 4086 1131 4148 tresorier
1140 4087 1177 4147 de
1185 4089 1311 4167 Frauce3

246 4173 369 4245 lidenne
382 4181 548 4257 Gbevalier,
566 4180 643 4241 aussi
660 4178 798 4240 tresorier
810 4177 848 4238 de
861 4179 982 4239 Franco.
999 4178 1121 4259 Lenglet
1134 4179 1311 4260 Dubesnoy,

248 4279 364 4353 ibidem,
379 4299 410 4361 p.
427 4280 484 4338 391
500 4289 528 4338 et
543 4278 612 4336 395.

407 4405 435 4444 11
1132 4379 1150 4435 6
