3272 5182
565 556 675 612 LIBER
700 557 864 616 TERTIUS.
1185 559 1242 616 22¹1

189 695 225 753 et
247 684 526 777 circumeundo,
556 685 603 760 ad
626 685 765 761 diversa
786 689 925 782 littora,
952 704 1027 762 tam
1060 689 1244 762 Britanniae

188 823 296 897 quam
323 799 465 894 Galliae,
495 803 604 902 ipsius
626 819 743 878 rector
766 804 1078 900 circumduxisset,
1098 831 1244 904 necpro

187 929 275 986 voto
291 916 459 990 adversus
475 918 562 991 dicti
576 926 629 992 W
626 921 746 992 urvr'rlr
760 921 906 994 classem
920 923 1117 1020 quidquam
1131 923 1246 995 lacere

188 1033 380 1129 potuisset,
411 1059 490 1132 quae
517 1037 554 1107 in
577 1038 665 1109 locis
684 1037 835 1112 nimium
856 1038 1086 1109 communitis
1102 1061 1244 1136 perma-

189 1147 314 1242 nebat,
344 1175 552 1249 quanquam
565 1153 602 1224 in
627 1178 709 1224 eum
725 1154 922 1252 irrumpere
941 1153 1121 1225 multoties
1137 1166 1247 1225 atten·
1332 1213 1336 1226 .

189 1278 316 1358 tasset,
342 1266 417 1364 jam
442 1283 616 1367 praesente
638 1268 772 1341 hiemo¹
789 1284 824 1342 et
840 1269 1004 1367 procellis
1027 1283 1134 1367 atque
1155 1283 1245 1340 tem·

189 1382 385 1479 pestatibus
412 1387 534 1458 saevire
550 1387 763 1480 inchoante,
783 1388 829 1459 ad
844 1388 1009 1486 propria,
1029 1387 1170 1459 nullum
1186 1400 1247 1459 aut

192 1500 379 1573 modicum
394 1518 582 1602 reportans
597 1504 770 1595 fructum,
789 1505 969 1577 remeavit.

549 1854 804 1925 CAPITULUM
834 1856 892 1923 lll.

239 2051 278 2104 De
289 2048 386 2103 foedere
397 2069 522 2123 percusso
538 2054 610 2107 inter
620 2054 783 2108 Francorum
796 2071 883 2124 regem
894 2065 920 2106 et
929 2051 1077 2125 principem
1087 2051 1209 2118 wallia,

491 2134 641 2188 interventu
656 2134 762 2189 comitis
772 2134 806 2187 de
820 2135 945 2188 Warvielr.

241 2317 320 2386 Non
337 2328 456 2386 autem
475 2313 649 2387 feriabant
665 2319 886 2388 Francorum
908 2337 971 2385 rex
992 2328 1028 2386 et
1049 2337 1135 2385 snus
1157 2311 1250 2386 fidus

192 2430 276 2525 (sed
304 2428 473 2502 omnihus
499 2431 679 2529 perfidus)
709 2431 898 2520 Warviclr,
925 2431 1013 2527 quin
1041 2444 1251 2528 apparatum

191 2570 337 2619 omnem
357 2546 515 2617 iacerent
530 2561 569 2617 nt
584 2547 681 2618 idem
696 2545 884 2631 Warvr'clr,
903 2545 939 2615 in
958 2544 1118 2641 angliam
1136 2560 1251 2617 trans-

189 2675 328 2754 vectus,
351 2661 560 2734 Eduardum
581 2687 702 2758 regem
722 2684 833 2757 regno
851 2659 1042 2732 deturbare
1061 2675 1167 2758 atque
1187 2686 1251 2732 ex-

191 2777 322 2876 pellere
346 2790 483 2875 posset,
509 2776 564 2848 vel
586 2777 654 2848 sub
677 2800 780 2846 suam
803 2775 979 2873 redigere,
1004 2774 1052 2848 ad
1074 2801 1111 2848 se
1134 2775 1180 2848 de
1204 2801 1248 2849 eo

194 2897 451 2988 ulciscendum,
468 2908 692 2995 potestatem.
712 2893 873 2967 Habebat
886 2895 961 2993 ipse
976 2893 1097 2993 plures
1112 2896 1249 2994 miopa·

192 3038 297 3086 rones
314 3039 377 3084 seu
396 3013 604 3105 dromones,
624 3036 729 3109 qum,
747 3010 792 3083 ad
809 3009 1071 3108 explorandum
1088 3035 1250 3082 rumores

191 3130 315 3229 populi
350 3129 532 3226 Anglicani
568 3126 894 3228 pelliciendumqne
927 3126 974 3198 ad
1008 3142 1126 3224 partes
1165 3150 1249 3199 suos

192 3249 326 3320 amicos
343 3247 593 3345 plurimorum,
614 3245 800 3342 lrequens’
817 3241 995 3332 mittebat,
1017 3255 1125 3339 atque
1142 3243 1249 3314 etiam

191 3363 344 3435 vicissim
362 3362 408 3434 ad
426 3387 464 3434 se
480 3361 663 3434 venientes
680 3360 726 3431 de
745 3359 868 3457 Anglia
882 3356 1075 3456 recipiebat
1093 3386 1102 3430 :
1120 3357 1251 3456 quibus

191 3478 327 3551 artibus
343 3479 409 3549 iter
425 3476 493 3548 sibi
511 3475 618 3547 veluti
634 3475 814 3574 pervium,
836 3473 883 3545 ad
899 3488 1048 3554 conatus
1065 3498 1150 3546 suos
1170 3499 1252 3575 per-

193 3593 382 3685 ficiendos,
402 3607 574 3666 sterneret
592 3607 700 3690 atque
719 3607 942 3691 praepararet.
967 3591 1036 3663 Sed
1059 3607 1251 3692 antequam

193 3735 212 3782 e
232 3709 411 3782 littoribus
429 3715 650 3782 Francorum
669 3707 759 3805 regis
776 3707 899 3779 sunem
916 3706 1086 3803 solveret,
1106 3709 1253 3782 classive

234 3947 263 4004 l.
286 3949 327 4004 La
345 3943 423 4002 tlotte
439 3943 478 4002 dn
494 3942 552 4002 duc
568 3941 605 4001 de
620 3945 809 4021 Bourgogne,
828 3941 915 4000 sortia
928 3941 964 3999 de
978 3931 1102 4001 l'Eclnse
1117 3942 1144 4000 le
1159 3947 1177 4001 8
1190 3941 1254 4015 juin

194 4035 289 4105 tatu,
312 4038 392 4091 n'eut
414 4035 430 4090 a
452 4033 558 4110 operer
578 4049 636 4108 qne
656 4029 795 4108 jusqu'au
818 4033 857 4089 13
880 4028 1059 4110 septembre,
1079 4030 1146 4089 date
1167 4030 1204 4088 de
1227 4030 1256 4090 la

194 4123 308 4182 rentree
330 4122 367 4180 de
386 4122 528 4183 Warwicl
548 4140 586 4180 en
605 4120 787 4202 Angleterre.
812 4125 857 4180 on
878 4121 948 4180 etait
969 4118 1044 4180 donc
1064 4139 1170 4179 encore
1187 4118 1256 4178 bien

193 4211 254 4271 loin
270 4212 307 4271 de
320 4212 434 4273 l’birer.

235 4302 265 4359 Ξ.
288 4302 425 4382 Corrigez
442 4304 484 4359 ad
490 4315 592 4380 portes
604 4321 671 4360 suas
683 4307 788 4360 amicos
794 4304 946 4376 plurimos,
962 4301 1134 4375 frequenter.
