3402 5186
354 416 392 472 u
626 373 1142 470 msronrmnuunnovruxr

354 545 452 619 rabie
477 543 721 642 peretmtium,
741 541 864 612 omnia
887 563 966 636 quae
990 562 1119 638 capere
1145 551 1334 637 poterant,
1359 561 1415 611 as·

355 658 556 734 sumebant.

405 779 518 852 Porro
536 773 649 870 majus
665 771 762 844 aliud
779 771 914 843 malurn
930 785 965 843 et
980 769 1088 867 longe
1104 769 1260 868 iniquius
1276 785 1311 840 et
1326 771 1417 843 into-

354 890 534 965 lerabilius
560 887 779 960 inserebatur
798 886 945 979 multis,
973 885 1056 981 qui,
1082 909 1167 957 cum
1192 884 1313 982 magni
1339 889 1416 960 auri

355 1006 481 1106 pondo
502 1005 696 1104 redemptis
712 1002 837 1074 litteris
855 1026 960 1109 quas,
976 999 1033 1073 vel
1052 1025 1120 1099 pro
1136 1000 1317 1073 veteribus
1338 1027 1418 1099 quae
1488 1007 1489 1010 ’

353 1122 420 1194 sub
438 1113 609 1193 desun'cto
626 1144 709 1214 rege
728 1119 936 1208 tenuissent,
955 1116 1012 1189 vel
1026 1117 1133 1188 etiam
1145 1141 1211 1214 pro
1222 1117 1325 1188 novis
1337 1117 1417 1190 offi-
1437 1193 1442 1204 ,

354 1239 416 1310 ciis
435 1236 596 1335 expediri
612 1247 883 1336 procurassent,
902 1257 986 1305 cum
1003 1257 1041 1304 se
1054 1230 1296 1304 existimarent
1314 1258 1417 1306 secu-

292 1389 293 1396 *
355 1359 428 1444 ros,
445 1353 605 1425 decursis
621 1353 745 1452 paucis
758 1350 907 1445 diebus,
932 1375 970 1421 se
997 1349 1183 1422 frustratos
1204 1348 1419 1449 delusosque

354 1469 558 1570 turpissime
575 1467 820 1543 inveniebant.
836 1470 936 1562 Saepe
955 1465 1065 1552 enim,
1088 1463 1141 1538 vel
1160 1487 1225 1564 per
1242 1466 1419 1575 importu-

355 1587 504 1658 nitatem
519 1610 669 1684 precum
694 1587 768 1683 regi
787 1598 1057 1684 porrectarum,
1082 1583 1265 1681 potissime
1281 1583 1328 1656 ab
1352 1584 1419 1658 illis

355 1701 417 1800 qui
434 1701 509 1797 ejus
523 1700 727 1772 comitesin
742 1698 932 1771 Brabantia
947 1712 983 1769 et
1002 1696 1105 1769 terris
1121 1697 1420 1795 Burgundionum

356 1817 458 1907 ducis
473 1817 701 1908 exstitissent,
715 1814 841 1888 eadem
859 1811 980 1886 officia
995 1838 1057 1884 rex
1073 1812 1149 1885 aliis
1166 1811 1343 1904 donabat;
1364 1816 1421 1886 vel

356 1929 454 2000 idem
473 1931 620 2012 Bourrd,
638 1927 911 2026 superveniente
921 1925 983 2023 qui
994 1926 1152 2026 priorem
1163 1929 1201 1997 in
1212 1926 1421 2027 muneribus
1516 1925 1522 1936 ’

357 2045 549 2134 evinceret,
569 2043 749 2142 prioribus
766 2044 910 2116 cassatis
924 2044 1062 2137 litteris,
1075 2044 1266 2143 posteriori
1280 2044 1326 2118 dc
1342 2047 1421 2146 ipso

359 2157 493 2247 officio,
512 2184 580 2258 pro
600 2184 674 2257 quo
691 2159 829 2232 litteras
850 2159 928 2256 jam
950 2159 1050 2232 alteri
1072 2157 1317 2259 expediverat,
1337 2161 1423 2236 alias

359 2275 586 2350 conficiebat.
613 2282 794 2375 Tantaque
812 2293 887 2350 erat
906 2278 1088 2372 conlusio,
1114 2292 1168 2350 tot
1187 2277 1350 2372 fraudes,
1371 2295 1424 2353 tot

360 2392 435 2465 doli
455 2417 564 2491 super
590 2393 796 2488 hujusmodi
824 2391 1026 2466 officiorum
1048 2392 1297 2466 distributione
1321 2420 1422 2468 com·

362 2509 471 2597 missi,
486 2507 586 2606 quod
600 2509 659 2581 vix
674 2507 746 2582 ulla
764 2511 968 2582 narratione
986 2509 1244 2609 comprehendi
1258 2527 1420 2609 possent,

361 2640 548 2724 tantasque
573 2625 746 2725 pecunias
771 2625 866 2698 idem
888 2628 1045 2715 Bourrd,
1072 2626 1135 2721 qui
1153 2627 1326 2725 proximis
1341 2643 1424 2700 ante

284 2815 289 2834 ,
362 2741 488 2814 diebus
505 2740 744 2840 pauperculus
759 2740 949 2813 clientulus
961 2755 1049 2833 erat,
1067 2741 1284 2838 congessisse
1296 2741 1425 2816 talibus

362 2858 513 2955 ingeniis
529 2872 635 2954 atque
653 2855 788 2927 artibus
806 2853 1001 2942 ferebatur,
1021 2855 1122 2955 quod
1137 2853 1297 2948 difficile,
1317 2859 1424 2930 etiam

363 2975 482 3046 minus
496 2989 602 3070 atque
619 2973 765 3044 recisius
781 2996 905 3044 earum
913 2997 1092 3046 summam
1106 2972 1320 3067 taxantibus,
1337 2973 1425 3048 fides

362 3089 568 3162 haberetur.
587 3091 676 3174 Quae
692 3112 775 3159 cum
792 3088 841 3161 ita
857 3089 933 3185 agi,
953 3115 1032 3188 quae
1053 3089 1184 3188 passim
1202 3088 1345 3188 publice
1366 3117 1425 3189 ge·

364 3202 547 3294 rebantur,
567 3204 738 3302 ignorare
762 3227 882 3300 regem
906 3205 1025 3276 nullus
1048 3206 1221 3303 potuisset
1236 3206 1423 3298 aestimare,

362 3320 603 3391 communiter
623 3316 801 3390 ferebatur
815 3319 940 3393 talium
957 3291 1286 3394 emolumenlorum
1309 3325 1424 3423 ipsum
1481 3311 1484 3318 ¹

362 3458 482 3532 regern
494 3434 719 3508 inventorem
735 3449 841 3533 atque
853 3437 1063 3536 participem
1076 3436 1152 3508 fore
1165 3439 1187 3508 ¹.

409 3548 552 3622 Talibus
576 3551 694 3649 itaque
710 3551 979 3625 inventionibus
995 3577 1148 3649 regnum
1168 3578 1306 3653 pauper
1321 3569 1358 3627 et
1373 3558 1425 3630 af·

361 3668 497 3739 llictum
516 3663 742 3739 facultatibus
758 3667 1052 3760 exhauriebatur,
1081 3683 1116 3740 et
1135 3694 1242 3768 super
1267 3686 1426 3743 recentes

400 3909 428 3964 1.
451 3907 496 3962 On
509 3903 543 3962 lit
555 3904 724 3964 neunmoins
735 3923 786 3964 sur
797 3923 837 3963 un
851 3907 964 3982 agenda
974 3902 1025 3964 des
1037 3903 1177 3983 premiere
1187 3904 1271 3978 jours
1283 3904 1323 3964 du
1335 3906 1425 3986 regne

358 3991 394 4052 de
413 3995 501 4053 Louis
522 3999 565 4055 XI
584 4010 629 4067 cet
647 3996 734 4056 ordre
753 3996 805 4074 qui
820 3995 865 4054 fut
884 3995 1091 4064 certainemeut
1106 3993 1226 4054 executi
1245 4017 1252 4052 ι
1272 4021 1286 4048 α
1303 3997 1367 4069 Que
1383 3995 1424 4054 les

357 4082 566 4142 commissaires
576 4084 670 4143 lacent
679 4103 765 4162 cryer
779 4087 857 4142 ason
872 4083 908 4142 de
922 4098 1036 4163 trompe
1046 4104 1114 4163 que,
1126 4085 1170 4143 s'il
1186 4105 1205 4163 y
1219 4103 1236 4144 a
1250 4103 1360 4144 aucune
1373 4085 1424 4164 qui
1508 4133 1511 4142 ,

131 4167 207 4254 ”³7
356 4183 444 4248 ayent
457 4171 553 4240 dune
566 4186 668 4256 argent
680 4169 756 4254 pour
769 4185 843 4234 estre
859 4174 981 4234 avances
996 4191 1054 4232 aux
1073 4173 1183 4248 offices,
1196 4173 1281 4253 qu’ilz
1295 4172 1323 4233 le
1336 4173 1422 4234 reve·
