3272 5182
578 571 687 627 LIBER
713 573 878 630 TERTIUS.
1200 573 1257 630 2³³

201 700 310 789 Quod
325 700 465 797 utique,
483 714 521 771 ut
538 725 646 800 supra
664 703 869 796 retulimus,
893 706 1099 802 compulsus
1116 719 1150 776 et
1167 729 1258 803 quo·

199 814 415 907 dammodo,
434 816 463 887 si
479 815 550 888 dici
567 831 702 914 potest,
722 818 852 889 invitus
872 834 1115 917 percusserat,
1134 821 1259 919 praeri·

199 932 301 1029 piens
320 929 409 1002 illud
426 935 645 1002 Francorum
661 931 753 1028 regi,
773 932 835 1028 qui
854 933 899 1005 ad
917 934 1034 1030 ipsum
1051 933 1258 1006 habendum

199 1070 283 1118 cum
312 1069 373 1135 eo,
405 1044 451 1116 ad
479 1046 534 1117 sui
561 1045 708 1117 exitium
734 1061 768 1118 et
794 1048 902 1118 totale
927 1049 1196 1138 exterminium,
1219 1063 1258 1121 ut

199 1161 490 1261 supradiximus,
509 1160 742 1234 vehementer
757 1162 965 1255 anhelabat,
983 1182 1018 1237 et
1037 1164 1083 1238 ad
1109 1165 1146 1236 id
1164 1191 1257 1238 asse-

199 1276 402 1372 quendum,
421 1275 484 1348 diu
501 1290 695 1374 antequam
720 1279 929 1374 Burgundiae
944 1279 1015 1352 dur
1032 1279 1118 1353 illud
1135 1283 1258 1378 exqui-

199 1407 291 1464 reret
306 1407 368 1464 aut
383 1391 428 1464 de
442 1392 651 1490 accipiendo
664 1395 702 1464 in
719 1395 988 1467 matrimonium
1005 1397 1081 1493 ejus
1097 1421 1258 1469 sororem

199 1509 389 1605 cogitaret,
408 1533 472 1606 per
495 1507 653 1580 medium
675 1510 729 1580 sui
755 1511 896 1582 comitis
913 1510 958 1582 de
976 1511 1146 1582 Warvr'clr
1166 1513 1258 1584 mul-

200 1625 365 1721 tipliciter
386 1624 584 1713 laborarat,
616 1638 651 1695 et
677 1648 752 1695 non
778 1625 824 1697 ad
851 1626 961 1698 alium
989 1625 1099 1697 finem
1123 1653 1192 1698 nec
1211 1627 1258 1700 ad

199 1735 295 1807 aliud
323 1760 432 1832 quam
459 1749 520 1824 ut,
545 1733 723 1831 adjunctis
755 1761 875 1813 secum
906 1736 1099 1834 Anglorum
1122 1739 1259 1810 viribus

200 1867 306 1949 atque
323 1853 445 1937 armis,
465 1868 526 1923 aut
543 1852 667 1924 saltem
686 1852 804 1925 ablata
825 1852 907 1926 duci
928 1854 1138 1951 Burgundiae
1154 1871 1257 1927 caete-

201 1971 339 2065 risque,
364 1968 494 2066 quibus
517 1968 784 2060 inimicabatur,
807 1973 906 2042 omni
924 1996 987 2068 spe
1003 1995 1044 2042 ex
1063 1977 1174 2067 regno
1196 1972 1257 2044 illo

198 2084 328 2156 auxilia
349 2084 619 2181 consequendi,
644 2084 690 2155 de
711 2083 847 2156 eisdem
869 2110 907 2157 se
932 2086 1123 2175 ulciscens,
1141 2086 1187 2158 ab
1208 2087 1259 2158 eis

198 2224 335 2298 poenas,
357 2224 422 2296 pro
443 2198 566 2287 libit0,
585 2216 806 2300 reposceret,
827 2227 961 2301 suaque
978 2204 1024 2275 de
1045 2228 1174 2276 eorum
1192 2229 1260 2304 op-

198 2316 379 2414 pressione
396 2330 431 2388 et
448 2315 709 2389 calamitatibus
726 2317 809 2390 odia
826 2335 1055 2392 exsaturaret.
1074 2324 1146 2393 Nec
1164 2324 1259 2394 enim

198 2430 297 2502 facile
314 2431 393 2527 quis
409 2431 615 2519 aestimaret,
630 2446 766 2529 quanto
782 2433 950 2506 adversus
964 2436 1083 2534 ipsum
1099 2442 1259 2535 Burgun-

199 2547 348 2620 dionum
358 2548 487 2621 ducem
499 2550 676 2648 praecipue
686 2548 928 2648 reliquosque,
942 2553 1005 2648 qui
1017 2552 1133 2624 eidem
1149 2553 1258 2627 soede-

199 2666 264 2736 rati
281 2665 438 2756 fueraut,
458 2665 697 2738 inardesceret
714 2666 812 2737 odio.
832 2669 984 2739 Tantum
1002 2668 1099 2740 enim
1115 2683 1260 2766 tamque

176 2782 365 2870 ‚acerbum
387 2781 455 2852 sibi
479 2782 613 2870 inerat,
640 2797 679 2853 ut
703 2783 802 2855 nulla
827 2785 882 2856 sui
908 2783 1059 2857 honoris
1082 2787 1260 2884 periclita-

196 3067 234 3108 ne
247 3047 376 3108 donnera
390 3047 632 3127 ausditz‘Anglois
644 3046 732 3125 aydes
748 3067 785 3107 en
798 3046 877 3107 leurs
891 3047 1035 3126 querelles
1048 3069 1123 3128 pour
1138 3050 1261 3110 envahir

197 3159 235 3198 ou
248 3137 455 3218 endommager
468 3157 542 3197 nous
555 3150 584 3195 et
599 3157 654 3196 noa
667 3136 776 3212 subjetz
792 3155 829 3197 en
843 3151 941 3196 nostre
955 3139 1116 3216 royaulme‚
1132 3159 1169 3198 ne
1182 3141 1261 3200 aussi

197 3247 251 3285 noz
267 3247 337 3305 pays
356 3246 394 3286 ou
413 3231 581 3304 royaulme,
599 3239 682 3285 etue
702 3225 823 3285 baillera
844 3226 946 3286 laveur
964 3227 1001 3286 de
1022 3249 1121 3306 passer
1141 3250 1194 3308 par
1215 3249 1260 3290 ses

198 3335 268 3394 pays
279 3335 354 3395 pour
365 3335 536 3396 guerroyer,
549 3337 654 3396 graver
665 3337 704 3374 ou
717 3317 801 3377 nuire
815 3321 831 3376 a
845 3337 931 3390 nous,
944 3337 999 3376 noz
1013 3338 1084 3396 pays
1098 3331 1126 3377 et
1137 3317 1259 3392 subjetz,

198 3426 234 3466 en
244 3427 356 3467 aucune
372 3407 511 3469 muniere.
530 3433 544 3459 n
558 3411 609 3478 Or,
621 3406 722 3485 depuis
734 3406 761 3467 le
776 3407 858 3467 traitt'r
871 3409 908 3467 de
920 3412 1064 3481 peronne,
1078 3408 1105 3468 le
1119 3409 1175 3467 duc
1185 3411 1262 3470 avait

197 3499 342 3558 contracte
356 3498 483 3557 d’autres
497 3496 633 3556 alliances
650 3497 716 3575 plus
730 3498 846 3557 etroites
859 3517 930 3558 avec
944 3499 972 3557 le
985 3499 1029 3558 roi
1044 3500 1259 3581 d’Angleterre,

198 3586 275 3645 avait
292 3588 407 3666 accepte
426 3586 463 3644 de
482 3585 523 3644 lui
538 3584 646 3643 l'ordre
664 3583 700 3643 de
716 3586 745 3645 la
758 3587 930 3662 sanctiore,
949 3589 1025 3646 avait
1041 3590 1162 3668 proserit
1181 3593 1197 3647 a
1216 3609 1261 3648 ses

197 3696 268 3756 gens
279 3689 309 3736 et
322 3680 338 3735 a
355 3696 400 3735 ses
413 3675 520 3735 soldats
534 3674 570 3734 de
585 3687 684 3754 porter
696 3679 724 3733 la
740 3676 822 3735 croix
836 3697 938 3756 rouge,
953 3677 1034 3756 signe
1049 3678 1086 3738 de
1100 3680 1262 3739 ralliement

197 3766 248 3825 des
261 3765 388 3845 Anglais.
405 3764 493 3824 Louis
509 3769 563 3838 XI,
578 3764 731 3824 articulant
743 3783 790 3824 ces
804 3765 868 3824 saits
882 3786 940 3825 aux
955 3767 1026 3828 etats
1040 3768 1077 3827 de
1089 3773 1192 3843 Tours,
1209 3782 1261 3848 put

197 3854 272 3914 donc
287 3855 435 3929 conclnre,
453 3875 525 3914 avec
539 3867 617 3914 toute
630 3873 792 3933 apparence
809 3855 846 3914 de
860 3856 969 3929 raison,
985 3863 1074 3935 qu’on
1088 3879 1124 3917 ne
1137 3858 1180 3916 lui
1195 3877 1261 3937 gar-

197 3943 258 4002 dait
270 3963 320 4023 pas
332 3944 360 4002 la
374 3944 414 4003 loi
425 3944 552 4022 promise
561 3963 614 4022 par
623 3942 650 4000 le
661 3943 744 4001 truite
757 3944 889 4023 (Lenglet
901 3946 1076 4024 Dulresnoy,
1091 3951 1259 4019 commines,

197 4045 217 4090 t.
234 4037 291 4103 ΙΙΙ,
307 4054 336 4112 p.
354 4037 414 4107 ΙΙ),
436 4032 459 4090 Il
476 4052 513 4090 ne
529 4033 621 4090 savait
635 4051 686 4110 pas
699 4044 771 4090 tout.
792 4037 847 4092 Les
864 4033 1033 4094 documents
1050 4034 1159 4112 anglais
1174 4033 1260 4091 reve-

197 4125 257 4183 lent
270 4143 343 4203 que,
360 4123 432 4184 dans
447 4125 488 4183 les
503 4124 633 4182 demiers
643 4122 725 4195 jours
740 4122 776 4181 de
790 4125 885 4199 tatu,
902 4113 1039 4184 lidoumd
1053 4121 1260 4183 1v00ncertait

197 4233 237 4271 un
248 4212 318 4291 plan
330 4211 525 4292 d'expedition
538 4231 573 4270 en
586 4214 694 4272 Franco
704 4230 774 4270 avec
789 4211 899 4293 l’appui
908 4215 949 4274 du
959 4214 1015 4273 duc
1025 4213 1061 4272 de
1072 4215 1256 4294 Bourgogne.

197 4301 337 4381 fingam,
354 4306 480 4360 Histoire
493 4304 697 4378 dAngleterre,
712 4314 734 4361 t.
750 4305 831 4379 11,c.
846 4325 888 4361 rx.
