3322 5172
396 540 452 598 aar
668 528 1184 616 umromsnuuttmovtorxr

395 671 466 742 tius
482 667 587 759 belli,
606 692 689 740 cum
704 667 856 767 plurima
876 669 1036 766 ejusdem
1050 670 1151 742 ducis
1167 669 1320 769 pecunia
1335 682 1371 742 et
1387 695 1458 741 su-

396 784 569 885 pellectile
596 784 750 883 pretiosa
781 784 1009 877 serebantur,
1047 801 1082 858 et
1121 811 1141 857 e
1176 783 1306 882 quibus
1339 801 1457 856 castra

396 899 525 972 vallare
541 914 577 971 et
589 900 816 972 communire
831 900 1093 997 consueverat),
1106 925 1235 999 parum
1243 899 1410 973 consulte
1422 914 1459 972 et

295 1018 299 1024 '
396 1015 549 1114 provide
563 1017 808 1115 praemitteret,
831 1041 914 1088 cum
931 1018 1013 1088 satis
1028 1018 1157 1115 pusillo
1175 1019 1353 1116 prasidio,
1372 1019 1457 1088 Sui·

396 1146 512 1204 tenses
535 1131 597 1229 qui
617 1156 660 1202 ex
675 1132 747 1202 suis
767 1131 950 1204 montibus
965 1147 1000 1202 et
1015 1130 1171 1204 latibulis
1189 1149 1319 1207 cuncta
1334 1133 1461 1232 auspi·

280 1338 284 1343 .
397 1247 586 1334 cabantur,
607 1245 698 1317 lacta
712 1247 911 1344 irruptione
925 1248 1123 1346 repentina,
1143 1273 1270 1321 omnes
1290 1248 1460 1345 hujusce·

397 1363 497 1434 modi
518 1387 643 1434 curms
666 1377 701 1432 et
721 1364 927 1435 universum
949 1362 1042 1436 bclli·
1055 1381 1282 1464 apparatum,
1305 1379 1342 1437 et
1359 1391 1459 1462 quae-

397 1482 551 1576 cumque
567 1478 723 1576 pretiosa
740 1495 802 1550 aut
817 1479 885 1550 alia
897 1479 969 1550 illic
985 1495 1101 1571 verant,
1113 1495 1188 1554 tam
1204 1482 1271 1580 ipsi
1284 1481 1455 1579 principi,

398 1619 508 1692 quam
536 1594 622 1687 suis,
653 1594 843 1666 autetiam
861 1595 1118 1668 mercatoribus
1144 1611 1259 1669 castra
1294 1597 1371 1693 ejus
1402 1621 1459 1669 se·

397 1706 602 1808 quentibus,
618 1710 829 1808 spectantia,
847 1712 1119 1807 conquisierunt
1132 1726 1167 1784 et
1182 1737 1254 1783 suae
1270 1713 1458 1810 potestatis

397 1841 504 1926 atque
527 1828 616 1924 juris
641 1827 852 1919 effecerunt,
879 1832 976 1902 caesis
1003 1831 1109 1901 etiam
1133 1829 1210 1920 bis,
1237 1828 1299 1926 qui
1322 1829 1368 1902 ad
1395 1853 1459 1901 cos

398 1942 655 2016 conducendos
679 1966 746 2040 pro
775 1943 941 2042 praesidio
965 1943 1036 2015 illic
1065 1943 1233 2033 aderant,
1265 1955 1300 2014 et
1326 1944 1459 2040 aurigis

398 2075 504 2155 atque
530 2057 784 2130 mercatoribus
814 2060 1007 2134 universis:
1038 2063 1127 2147 Quae
1154 2057 1273 2133 clades
1298 2083 1384 2131 cum
1413 2058 1459 2132 ad

398 2175 592 2266 exercitus,
618 2175 680 2270 qui
704 2174 932 2272 sequebatur,
960 2177 1123 2248 auditum
1148 2175 1379 2274 pervenisset,
1409 2177 1459 2247 il-

398 2290 467 2360 lico
486 2288 607 2386 lugam
622 2288 690 2362 hac
707 2307 813 2388 atque
836 2291 916 2363 illac
936 2293 1063 2388 singuli
1084 2293 1330 2390 arripuerunt,
1360 2291 1400 2362 in
1417 2315 1458 2362 ea

398 2405 474 2477 sola
500 2431 600 2504 spem
629 2405 821 2502 ellugiendi
856 2407 1014 2506 pericula
1050 2409 1243 2508 repositam
1274 2431 1349 2478 esse
1384 2433 1458 2506 pu·

397 2526 540 2592 tantes¹.
774 2516 778 2530 ’

447 2641 529 2708 Haec
545 2636 611 2709 suit
626 2637 741 2736 prima
757 2637 870 2732 labes,
886 2653 922 2711 et
942 2637 1145 2712 futurorum
1162 2641 1361 2727 malorum,
1378 2664 1458 2738 quae

400 2770 522 2852 postea
547 2755 675 2827 ducem
706 2755 917 2853 Burgundiae
941 2771 1062 2833 secuta
1087 2772 1189 2851 sunt,
1224 2758 1322 2829 triste
1349 2772 1460 2856 atque

399 2870 592 2943 infaustum
611 2873 820 2970 auspicium.
850 2879 888 2945 ln
908 2899 1045 2972 quare,
1064 2881 1204 2975 praeter¹
1220 2876 1458 2974 ignominiam

399 3004 433 3059 et
445 2989 693 3062 confusionem
707 2991 954 3090 permaximas,
964 3017 1052 3090 quas
1067 2994 1229 3093 provide³
1240 2994 1409 3066 sustinuit
1425 3005 1458 3066 et

399 3107 556 3204 quaesivit
585 3109 882 3204 Burgundionum
900 3109 985 3203 dux,
1002 3111 1134 3183 damna
1152 3112 1258 3184 etiam
1280 3113 1459 3209 permaxi-

400 3246 471 3313 ma,
503 3237 537 3294 et
568 3249 646 3322 quae
667 3248 741 3295 non
770 3224 868 3295 facile
891 3228 1056 3300 aestimari
1081 3242 1250 3327 possunt,
1271 3227 1368 3299 idem
1386 3228 1457 3300 dux

347 3403 353 3412 ,
400 3357 524 3431 passus
544 3334 621 3407 suit.
642 3339 745 3423 Nam,
769 3337 822 3406 uti
838 3335 932 3410 lama
950 3337 1139 3432 serebatur,
1168 3353 1281 3412 totam
1300 3338 1458 3411 nobilem

400 3447 497 3520 illam
523 3449 775 3550 supellectilem
805 3453 882 3524 auri
910 3471 944 3524 et
974 3455 1111 3552 argenti
1137 3469 1244 3552 atque
1278 3455 1458 3528 variorum

399 3580 708 3658 ornamentorum,
729 3590 837 3664 quam
866 3569 1146 3666 copiosissimam
1164 3593 1184 3641 a
1202 3570 1273 3654 suis
1292 3569 1458 3668 progeni·

400 3681 538 3753 toribus
552 3696 749 3780 acceperat,
768 3680 818 3754 ibi
835 3683 1000 3781 perdidit.
1017 3687 1104 3780 Quae
1118 3683 1164 3770 ad
1174 3709 1302 3756 manus
1315 3683 1458 3758 illorum

400 3821 598 3898 pauperum
617 3798 822 3897 Alpinatum
840 3801 1015 3898 pervenit,
1033 3825 1125 3897 quos
1144 3800 1258 3873 Julius
1274 3805 1405 3895 Caesar,
1422 3803 1457 3872 in

440 4009 469 4069 l.
492 4011 533 4070 La
550 4007 666 4066 version
685 4006 735 4066 des
751 4007 873 4071 tdmoins
887 4009 1028 4068 oeulaires
1048 4007 1152 4068 differe
1170 4009 1410 4070 essentiellement
1423 4011 1457 4070 dc

399 4098 526 4160 celle-ci.
544 4098 612 4157 Voir
625 4098 653 4158 le
666 4098 830 4158 Comminus
844 4099 880 4158 de
894 4100 961 4159 Mlle
975 4103 1105 4180 Dupont‚
1121 4113 1140 4160 t.
1157 4103 1196 4174 11,
1212 4120 1242 4178 p.
1259 4104 1290 4160 9.

440 4191 470 4244 2.
493 4191 614 4266 Propter
625 4188 696 4246 dans
708 4186 736 4244 le
750 4207 803 4249 ma.

441 4281 469 4336 3.
493 4278 590 4338 Plutdt
595 4280 719 4357 proinde
731 4297 769 4337 ou
785 4282 947 4356 improvide.
