3402 5186
378 488 416 544 16
646 483 901 543 fflsmmsnurt
920 483 1096 542 LUDOVICI
1116 485 1159 540 XI

379 613 691 700 firmissimarum,
725 611 889 684 videlicet
924 614 1012 686 arcis
1045 612 1170 711 oppidi
1204 615 1432 713 Perpiniani,

378 729 467 799 arcis
492 726 537 798 de
563 725 807 798 Coeo-liber0¹
832 741 867 798 et
892 726 981 799 arcis
1005 752 1084 824 quae
1109 726 1349 824 Bellagardia¹
1373 754 1436 828 ap·
1455 716 1483 727 ’ᾖ

377 843 543 941 pellatur.

429 965 505 1030 Hoc
517 958 628 1053 ,igitur
644 957 755 1028 modo
774 981 858 1029 cum
884 959 977 1030 inter
1000 984 1037 1030 se
1058 957 1191 1031 soedera
1214 973 1250 1030 et
1275 957 1436 1054 ligantias

378 1099 499 1170 reges,
532 1073 640 1170 longo
668 1087 750 1144 ante
779 1098 854 1144 aevo
880 1074 1038 1146 invicem
1061 1074 1217 1161 inimici,
1246 1074 1435 1164 fecissent,

378 1190 611 1289 percipientes
640 1189 711 1260 hoc
742 1190 1020 1260 Barcinonenses
1052 1191 1240 1286 caeterique
1273 1191 1335 1287 qui
1363 1193 1438 1286 regi

378 1307 528 1380 rebelles
555 1303 787 1396 exsistebant,
816 1307 899 1377 totis
922 1306 1056 1378 viribus
1083 1305 1288 1400 satagebant
1305 1308 1438 1405 oppida

380 1438 415 1494 et
438 1446 559 1510 arces,
586 1446 674 1518 quas
693 1421 811 1493 adhuc
827 1447 913 1493 suus
929 1421 1074 1494 tenebat
1097 1447 1158 1494 rex
1175 1425 1213 1493 in
1231 1423 1436 1516 Catalonia,

380 1561 571 1636 occupare.
597 1539 740 1607 Etcum
757 1551 849 1608 esset
867 1538 989 1632 regina
1009 1538 1047 1608 iu
1065 1537 1206 1609 civitate
1224 1539 1441 1610 Gerunden-

381 1653 473 1724 sium
504 1651 726 1750 superiore',
761 1650 832 1724 filia
868 1651 986 1724 Alabri
1015 1652 1061 1723 de
1091 1653 1216 1744 Lina‘,
1250 1655 1441 1725 ammiralis

381 1768 568 1866 quondam
583 1769 683 1864 regni
700 1764 870 1858 Castellae,
885 1792 995 1865 quam
1012 1793 1153 1838 exosam
1167 1783 1274 1865 atque
1288 1770 1440 1841 invisam

382 1883 556 1956 Catalanis
577 1883 807 1954 vehementer
831 1883 994 1956 interitus
1021 1883 1161 1975 Caroli,
1189 1884 1342 1983 privigni
1355 1885 1439 1976 sui,

384 2001 429 2072 de
443 2025 516 2098 quo
528 2023 637 2095 supra
648 1997 844 2089 retulimus,
859 1998 1036 2087 effecerat,
1052 2023 1132 2071 eam
1145 2001 1180 2071 in
1193 1999 1287 2073 dicta
1303 2001 1442 2073 civitate

384 2113 554 2186 Gerunda
568 2114 651 2184 totis
667 2113 802 2184 viribus
816 2113 1005 2186 obsidione
1019 2113 1254 2210 urgebant.,E
1271 2139 1343 2212 qua
1359 2141 1442 2187 oum

384 2253 465 2302 eam
484 2229 621 2327 eripere
636 2241 670 2299 et
685 2228 836 2300 liberare
853 2231 905 2300 vir
922 2255 1006 2300 suus
1022 2231 1169 2302 minime
1187 2243 1319 2327 posset,
1336 2236 1444 2302 Fran-

384 2370 511 2418 corum
540 2345 761 2437 exercitum,
798 2361 835 2418 ut
866 2348 1080 2420 acceleraret
1104 2348 1235 2420 intrare
1253 2349 1441 2446 patriam,

385 2487 601 2560 magnopere
613 2461 802 2534 sollicitare
816 2465 966 2551 curavit,
985 2463 1128 2536 tradens
1145 2489 1243 2536 arces
1261 2475 1328 2537 tres
1344 2480 1444 2537 ante-

385 2577 497 2651 dictas
512 2579 549 2650 in
569 2578 734 2650 manibus
743 2580 1010 2678 capitaneorum
1024 2603 1115 2674 quos
1126 2579 1216 2650 inibi
1226 2585 1443 2652 Francorum

386 2695 460 2788 regi
475 2694 608 2792 placuit
622 2694 827 2792 deputarel.

426 2895 455 2950 l.
478 2888 637 2958 coitione,
659 2887 843 2962 aujourd’hui
860 2887 931 2945 daus
949 2887 974 2946 le
993 2887 1192 2966 departement
1212 2887 1262 2946 des
1284 2887 1444 2964 Pyrenees-

385 2979 557 3051 orientales,
575 2977 818 3034 arrondissement
834 2975 869 3034 de
884 2976 979 3035 Ceret.

426 3070 455 3124 2.
479 3064 658 3143 Bellegarde,
672 3064 748 3122 aussi
762 3063 833 3121 dans
843 3064 1107 3123 l’arrondissement
1119 3063 1156 3123 de
1165 3065 1257 3124 Ceret.
1270 3065 1294 3122 Il
1308 3069 1381 3123 n’est
1396 3083 1446 3143 pas

386 3154 516 3234 question
531 3153 566 3210 de
585 3153 752 3233 Bellegarde
769 3153 840 3212 dans
857 3154 899 3212 les
920 3153 997 3213 deux
1017 3155 1206 3233 exemplaires
1228 3155 1268 3213 du
1289 3155 1371 3213 traite'
1389 3154 1446 3213 im-

387 3243 494 3323 primes
507 3262 560 3320 par
573 3242 692 3322 Lenglet
704 3243 869 3320 Dulresnoy
883 3247 1060 3318 (Commtnes,
1076 3256 1095 3302 t.
1112 3247 1156 3316 11,
1173 3265 1201 3321 p.
1219 3246 1288 3316 360)
1304 3265 1310 3298 ε
1328 3243 1448 3302 l’exem-

386 3334 478 3412 plait-e
500 3331 537 3390 de
561 3331 647 3389 louis
664 3335 722 3404 XI,
742 3332 867 3390 donnes
883 3336 1019 3410 Bayonne
1035 3333 1062 3390 le
1079 3335 1114 3390 st
1138 3333 1196 3390 mai
1210 3335 1306 3403 1462,
1326 3345 1356 3391 et
1373 3331 1447 3390 celui

388 3422 427 3479 du
441 3421 485 3477 roi
499 3418 660 3498 d’Aragon,
676 3420 741 3479 date
755 3421 791 3478 de
806 3421 958 3499 Saragosse
972 3421 1050 3479 deux
1059 3422 1141 3495 jours
1159 3421 1223 3499 plus
1237 3419 1312 3480 tard.

430 3513 458 3568 3.
481 3511 560 3566 Dans
576 3510 601 3566 la
618 3508 686 3567 ville
699 3509 786 3569 haute
802 3531 842 3569 ou
855 3510 977 3569 chateau
992 3510 1028 3569 de
1043 3511 1161 3570 Girone.

429 3603 458 3657 l.
482 3598 541 3670 Sic,
556 3615 593 3654 au
607 3596 667 3656 lieu
680 3599 716 3657 de
732 3603 828 3656 Alvari
840 3603 876 3656 de
887 3605 982 3671 Luna,
996 3619 1029 3657 ce
1042 3600 1093 3677 qui
1106 3613 1160 3672 est,
1176 3599 1247 3658 daus
1261 3611 1325 3658 tous
1337 3600 1379 3658 les
1388 3617 1446 3670 cas,

389 3708 446 3748 une
460 3706 570 3746 erreur.
588 3690 629 3744 La
644 3689 747 3746 femme
762 3688 800 3747 du
815 3689 859 3747 roi
875 3688 932 3746 don
945 3693 960 3745 J
963 3707 1019 3746 uan
1032 3689 1099 3748 erait
1114 3689 1172 3746 fille
1186 3687 1223 3747 de
1239 3688 1399 3747 l'amirante
1414 3688 1449 3746 de

388 3777 514 3850 Castille,
531 3775 589 3834 don
601 3775 742 3852 Fadrique
756 3778 930 3855 Henriquez.

430 3873 458 3927 b'.
479 3865 572 3938 Voici‚
594 3867 707 3944 d’apres
726 3888 766 3926 un
783 3867 929 3926 brouillon
948 3866 988 3925 du
1010 3878 1119 3944 temps,
1139 3867 1279 3925 conserve
1299 3865 1393 3944 parmi
1410 3865 1451 3924 les

389 3958 504 4036 papiers
512 3956 548 4015 de
557 3956 726 4035 Gaignieres
736 3957 808 4031 (vol.
824 3959 879 4016 378
891 3976 949 4016 aux
962 3975 1029 4017 mss.
1044 3955 1081 4014 de
1094 3955 1121 4014 la
1131 3956 1205 4018 Bibl.
1222 3957 1294 4034 imp.
1303 3961 1324 4029 ),
1337 3957 1364 4014 la
1373 3975 1452 4013 com·

390 4047 514 4125 position
532 4045 568 4104 de
587 4045 704 4103 l'armde
718 4046 846 4122 envoyec
861 4065 898 4102 en
916 4044 1074 4123 Catalogne
1093 4066 1099 4099 :
1116 4064 1188 4103 onze
1199 4057 1265 4103 cent
1280 4045 1325 4102 six
1337 4045 1449 4116 lances,

295 4175 303 4188 .
390 4135 460 4194 dont
476 4137 517 4195 les
539 4124 688 4207 licossais,
713 4153 779 4191 sous
796 4135 823 4191 le
844 4131 1094 4191 cornmandement
1109 4132 1145 4191 de
1168 4137 1238 4192 MM.
1260 4135 1289 4192 le
1307 4144 1401 4192 comte
1416 4133 1451 4190 de

391 4227 555 4304 Boulogue;
574 4224 611 4284 de
624 4229 663 4284 La
679 4223 786 4297 Barde3
806 4223 936 4283 Geoflroi
957 4223 994 4282 de
1009 4223 1201 4297 saint-belim
1220 4223 1248 4282 le
1267 4223 1400 4282 seuechal
1415 4221 1452 4280 da
