3282 5168
499 567 500 570 ‘
596 581 706 638 nmen
730 581 912 654 Quassus.
1224 587 1280 644 ast

226 720 299 783 tem
309 707 523 800 abstulisset,
534 709 696 786 arbitrati
706 725 801 784 sunt.
813 717 925 786 Tanta
935 713 1032 786 enim
1042 713 1140 786 velut
1151 713 1283 790 nebula

223 837 261 896 et
277 838 349 896 tam
364 839 454 917 atra,
469 849 513 898 ex
530 827 661 901 ictibus
676 827 925 925 hujuscemodi
939 829 1200 925 machinarum,
1221 857 1283 906 aer

224 939 436 1014 incrassatus
452 955 545 1036 erat,
563 958 623 1036 ot,
643 967 715 1040 qua
729 957 827 1042 parte
841 943 999 1018 hostium
1014 969 1149 1019 cuneos
1161 947 1281 1047 potius

223 1057 443 1146 invenirent,
462 1085 538 1132 non
556 1061 639 1133 satis
654 1076 800 1159 possent
814 1085 1020 1158 agnoscere.

270 1172 381 1270 Igitur
394 1175 457 1247 tali
472 1174 589 1249 subita
605 1177 805 1275 irruptione
820 1177 858 1250 in
876 1176 996 1250 hostes
1016 1201 1036 1250 a
1055 1179 1277 1276 Burgundio·

222 1285 327 1360 nibus
339 1288 444 1378 lacta,
461 1291 610 1364 emolliti
623 1305 707 1364 sunt
725 1305 920 1388 utcumque
938 1292 1074 1366 seroces
1090 1293 1200 1366 animi
1216 1296 1280 1368 im·

222 1406 394 1504 peratorie
410 1420 446 1478 et
461 1431 610 1480 suorum
625 1411 910 1509 Germanorum,
932 1426 968 1482 et
990 1411 1109 1484 statim
1131 1425 1213 1509 post
1232 1411 1278 1484 de

220 1545 309 1620 pace
326 1524 579 1624 componenda
595 1527 688 1598 inter
706 1550 743 1596 se
758 1523 908 1598 verbum
925 1523 1141 1599 babuerunt.

269 1643 381 1711 Porro
398 1664 504 1731 cum,
525 1639 622 1712 hisce
646 1639 793 1730 diebus,
817 1639 882 1710 de¹
898 1638 1034 1735 ingenti
1052 1641 1278 1739 expeditione

220 1767 255 1856 et
276 1754 407 1847 classe,
433 1780 522 1854 quas
539 1755 735 1853 auglorum
754 1779 816 1828 rex
834 1753 1069 1854 adparaverat
1091 1756 1139 1828 ad
1158 1781 1279 1855 aggre-

217 1868 390 1944 diendum
416 1897 568 1970 regnum
592 1876 813 1944 Francorum
835 1885 871 1944 et
895 1871 1065 1945 auxilium
1089 1873 1276 1946 serendum

218 1988 513 2085 Burgundionum
532 1989 637 2080 duci,
658 1988 799 2060 sororio
812 2011 898 2078 suo,
915 2002 1022 2084 atque
1038 1987 1198 2084 ejusdem
1214 2013 1275 2090 ap·

215 2102 321 2202 pulsu
347 2103 394 2176 ad
417 2105 538 2177 littora
564 2104 791 2178 Normanniae
814 2102 1047 2176 celeberrima
1075 2118 1160 2178 tunc
1181 2105 1276 2182 lama

215 2218 472 2313 crebresceret,
494 2247 559 2294 seu
575 2223 726 2314 sincere,
745 2245 808 2292 seu
825 2219 943 2319 potius
960 2218 1042 2292 ficte
1057 2234 1094 2292 et
1110 2243 1154 2292 ex
1180 2247 1275 2295 oom-

215 2335 332 2435 posito
351 2335 466 2433 (quod
482 2336 681 2435 aplurimis
699 2335 876 2408 creditum
898 2334 979 2432 est),
1000 2359 1122 2407 comes
1142 2339 1275 2412 Sancti*

215 2452 326 2541 Pauli,
343 2475 452 2549 quem
462 2451 769 2536 constabularium
781 2452 937 2522 Franciae
949 2451 1055 2522 luisse
1068 2477 1176 2551 supra
1189 2454 1275 2528 dixi·

213 2558 314 2660 mus‚
334 2591 454 2663 regern
477 2572 716 2659 Francorum,
732 2566 795 2664 qui
811 2566 848 2636 iu
863 2563 1024 2640 Picardia
1042 2580 1212 2640 tumeret
1238 2585 1274 2642 et

213 2681 313 2756 inea
328 2707 458 2780 magna
479 2682 651 2783 perficere
671 2682 746 2780 jam
770 2683 854 2754 satis
875 2705 1046 2780 prospere
1066 2681 1268 2772 inchoarat,

212 2813 319 2897 atque
335 2801 461 2900 procul
477 2798 609 2892 dobin,
626 2799 695 2872 nisi
708 2797 793 2872 inde
809 2812 996 2870 revocatus
1009 2798 1148 2887 luisset,
1164 2797 1272 2873 sactu·

211 2941 272 2990 rus
288 2917 525 2991 verisimiliter
547 2929 642 3008 erat,
669 2939 734 3016 per
758 2913 926 3012 epistolas
945 2927 980 2985 et
997 2913 1142 2986 nuntios
1158 2928 1271 2990 terre-

212 3033 309 3106 lecit:
331 3033 399 3106 sibi
414 3033 583 3106 intimans
596 3031 651 3130 (ut
666 3055 688 3104 a
705 3029 852 3102 feliciter
867 3030 992 3127 coeptis
1009 3053 1093 3102 eum
1110 3029 1268 3104 retrabe-

210 3149 279 3246 ret)
287 3149 387 3248 quod
398 3173 461 3224 rex
471 3150 668 3248 Anglorum
679 3144 858 3220 adlittora
869 3146 1095 3218 Normanniae
1099 3143 1174 3242 jam
1186 3171 1269 3220 cum

209 3265 320 3338 classe
339 3291 403 3338 sua
419 3265 606 3365 appulerat
625 3263 682 3335 vel
702 3264 741 3336 in
760 3262 947 3363 procinctu
970 3275 1046 3334 erat
1069 3260 1131 3332 illo
1152 3261 1268 3362 appel·

208 3379 324 3472 leudi,
348 3396 384 3454 et
407 3380 509 3480 quod
531 3379 577 3452 de
601 3377 672 3452 hoc
696 3379 773 3476 ipse
796 3378 928 3450 certior
944 3389 1020 3449 erat
1035 3375 1159 3450 lactus.
1182 3381 1269 3466 Quae

209 3523 305 3572 resa
324 3522 407 3596 rege
428 3495 564 3569 credita
585 3507 726 3568 mature
746 3518 853 3588 eum,
872 3518 956 3566 cum
977 3493 1050 3566 suis
1070 3494 1205 3593 copiis,
1227 3497 1266 3570 in

208 3613 465 3687 Normanniam
486 3609 659 3709 repedare
681 3609 774 3682 lecit.
808 3608 917 3696 Quod
941 3634 1025 3682 cum
1046 3609 1184 3684 lecisset
1206 3626 1263 3706 et,

208 3732 309 3830 quod
325 3731 395 3804 sibi
414 3755 435 3804 a
450 3729 555 3802 dicto'
565 3727 697 3800 comite
716 3724 950 3799 Sancti-Pauli
969 3742 1174 3824 suggestum
1187 3727 1266 3800 lue-

206 3863 279 3940 rat,
305 3846 549 3946 comperiisset
570 3843 717 3920 veritate
741 3866 816 3914 non
840 3839 1049 3934 subsistere,
1077 3867 1187 3940 quam
1218 3843 1265 3916 de

206 3963 357 4065 perfidia
372 3989 436 4038 sua
451 3962 516 4035 diu
531 3962 606 4059 jam
626 3974 709 4033 ante
731 3959 973 4058 suspicionem
991 3976 1199 4057 acceperat,
1223 3975 1264 4034 ut

205 4080 274 4156 sibi
293 4079 445 4184 amplior
461 4095 497 4154 et
512 4076 760 4154 vehementior
780 4075 882 4150 lieret
903 4074 1004 4148 facile
1025 4073 1153 4148 eliecit.
1175 4079 1262 4164 Qun

245 4335 275 4392 t.
299 4329 563 4392 camdanslema.
