3322 5172
1283 367 1364 424 ν’·

632 597 742 652 mnan
761 597 929 668 Qumnrs.
1251 599 1309 654 tus

255 747 336 800 suas
352 728 396 800 de
411 729 572 827 principe
589 742 695 825 atque
712 729 783 799 suis
800 729 1040 825 querimonias
1056 708 1327 828 depromebat*
1346 777 1359 811 ,·
1380 777 1390 797 .

255 844 464 916 Asserebant
492 846 653 916 enimse
680 844 783 915 novis
809 859 844 914 et
870 845 1051 940 exquisitis
1078 846 1307 941 vectigalibus

253 976 360 1057 atquc
376 986 486 1032 onere
502 961 660 1057 gravium
677 959 908 1031 collationum
927 961 1057 1031 mirum
1077 961 1115 1030 in
1135 962 1304 1054 modum,

252 1101 359 1175 supra
379 1079 506 1149 virium
525 1077 743 1167 facultatem,
764 1093 930 1166 onustos,
952 1101 1018 1148 nec
1037 1078 1219 1174 promissis
1237 1079 1308 1151 suis

252 1207 286 1262 et
306 1193 515 1290 juramentis
539 1193 737 1292 principem
762 1193 962 1285 attendere,
992 1192 1142 1289 quibus,
1172 1192 1307 1266 nedum

199 1365 201 1372 ,
244 1307 371 1402 initio,
398 1333 480 1381 cum
505 1323 681 1379 terrarum
702 1301 963 1406 possessionem
986 1323 1110 1379 nactus
1134 1308 1222 1397 luit,¹
1244 1309 1306 1381 sed

249 1425 354 1496 etiam
378 1425 610 1524 postmodum
633 1423 835 1520 frequenter
855 1425 984 1496 accolis
1006 1438 1198 1517 terrarum,
1222 1449 1306 1496 cum

249 1541 405 1639 aliquam
433 1543 479 1614 ab
507 1543 558 1612 eis
586 1555 720 1638 peteret
745 1540 979 1637 pecuniarum
1007 1540 1304 1630 subventionem,

248 1658 426 1756 pollicitus
453 1657 565 1728 suerat
598 1681 652 1748 se,
676 1656 763 1726 infra
792 1657 985 1726 terminum
1009 1655 1111 1726 dictae
1138 1656 1306 1746 ‚faciendae

247 1774 427 1844 collationi
444 1773 692 1871 praestitutum,
705 1773 809 1844 aliam
826 1797 863 1844 sc
877 1772 1024 1842 minime
1040 1796 1115 1842 esse
1129 1771 1304 1846 iacturum

247 1888 302 1958 vel
325 1891 588 1986 requisiturum.
609 1894 685 1960 Hoc
706 1913 836 1986 nempe
856 1889 920 1959 etsi
944 1886 1137 1984 aliquando
1158 1902 1192 1958 ct
1214 1913 1306 1986 saepe

246 2005 484 2102 promisisset,
505 2006 652 2075 minime
669 2019 805 2094 tamen,
830 2019 869 2074 ut
890 2002 1048 2092 aiebant,
1073 2002 1301 2094 observabat3

224 2207 227 2212 Ι
247 2119 306 2190 sed
325 2144 493 2192 concessa
507 2136 613 2217 utque
621 2119 771 2208 indicta,
788 2133 862 2191 esto
878 2121 997 2216 gravia
1011 2134 1046 2190 et
1060 2119 1105 2190 atl
1119 2117 1303 2189 serendum

246 2235 472 2330 difficillima,
493 2239 597 2308 novis
613 2235 862 2335 superindictis
880 2235 1123 2333 frequentibus
1142 2234 1303 2305 cumula-

237 2350 316 2422 ·bat.
332 2353 440 2448 Cujus
456 2349 558 2423 oneri
569 2367 603 2424 et
614 2353 805 2447 gravamini
820 2375 1010 2448 gravamen
1027 2350 1304 2447 'superadjiciens

244 2478 350 2561 atque
365 2458 564 2564 apponens,
583 2491 626 2538 ex
642 2466 698 2536 lris
715 2466 884 2560 omnibus
900 2477 1007 2563 atque
1025 2465 1113 2551 aliis,
1131 2490 1208 2560 quae
1225 2465 1304 2535 lon-

243 2605 327 2676 gum
341 2584 448 2653 nimis
464 2583 552 2654 toret
568 2598 737 2674 retexere,
753 2583 874 2653 vid‘ere
886 2597 961 2652 erat
976 2581 1302 2652 murmurationum

242 2721 308 2794 per
321 2699 484 2769 omnium
500 2699 572 2769 sere
589 2723 666 2786 om,
683 2700 717 2768 in
733 2699 836 2768 terris
851 2681 932 2786 illis,
948 2695 1058 2767 verba
1074 2720 1298 2795 percurrere;

243 2814 291 2884 ita
309 2830 347 2885 nt
366 2815 593 2911 prosecto‘ad
610 2815 846 2886 delectionem
875 2813 929 2884 vel
947 2826 1105 2910 apertam
1124 2836 1165 2882 ac
1187 2815 1301 2882 mani·

243 2931 366 3003 sestam
383 2933 636 3004 discessionem
659 2931 893 3030 propinquari
915 2929 1113 3017 videretur3
1131 2941 1165 2998 et
1178 2952 1301 3000 revera

242 3047 286 3116 ad
304 3049 522 3146 principem,
541 3073 648 3146 quem
666 3046 858 3143 aliquando
877 3060 1000 3117 catum
1015 3043 1238 3130 habuissent,
1257 3069 1300 3115 ex

241 3162 416 3256 praedictis
426 3161 545 3234 etaliis
559 3163 685 3254 causis,
701 3185 862 3234 amorem
876 3177 910 3233 et
924 3159 1212 3231 benevolentiam
1225 3184 1298 3230 non

242 3274 358 3346 solum
379 3271 594 3372 refriguisse,
618 3280 680 3349 sed
704 3279 894 3350 exstinctos
914 3277 1033 3376 potius
1050 3275 1313 3369 ostentabant,

242 3405 277 3463 et
300 3390 355 3462 ab·
373 3415 498 3462 eorum
521 3393 704 3465 affectibus
731 3396 937 3468 indicabant
961 3383 1171 3466 abcessisse:
1201 3391 1299 3467 unde

240 3503 325 3597 sibi,
345 3489 676 3606 quantumcumque
689 3513 907 3607 reposcenti,
925 3509 1053 3581 auxilia
1072 3509 1211 3580 mittere
1228 3533 1297 3580 ne·

239 3624 367 3718 garint.

289 3743 447 3810 Fuerunt
466 3753 585 3809 tamen
603 3764 643 3810 ex
663 3738 844 3810 nobilibus
863 3738 1045 3828 nonnulli,
1068 3754 1108 3810 ut
1129 3737 1297 3809 dominus

239 3853 284 3926 de
302 3857 453 3926 Ναωοε1
472 3867 507 3926 et
528 3855 697 3926 dominus
715 3855 760 3926 de
781 3858 903 3950 Croy’,
925 3857 1004 3952 qui,
1024 3853 1170 3925 collecta
1187 3878 1296 3950 quam

237 3979 432 4066 potuerunt
455 3970 619 4067 equitum
640 3994 767 4061 manu,
793 3970 890 4043 eiad
914 3968 1100 4042 ferendum
1123 3969 1294 4041 auxilium

280 4249 307 4304 l.
331 4245 480 4326 Engilbert
493 4247 529 4305 de
543 4249 663 4306 Nasson.

279 4339 308 4393 2.
332 4338 463 4418 Philipps
479 4338 515 4397 de
529 4343 615 4416 croy,
631 4351 724 4396 comte
738 4339 774 4398 de
790 4340 920 4418 Chimay.
