3282 5168
370 578 428 634 282
639 573 896 633 tflsromalturt
915 571 1093 630 Luuovtct
1113 573 1156 630 XI

370 705 599 806 pedimento,
615 704 819 804 apostolico
837 701 931 774 sedis
952 701 1257 800 dispensationem
1278 719 1430 778 conatus

370 838 423 896 est
451 821 626 894 obtinere.
656 821 761 917 Atqui
785 841 870 891 cunr
896 841 976 890 eam
1006 816 1106 889 nullo
1134 831 1241 915 pacto
1266 819 1430 894 obtinere

371 951 510 1037 posset,
540 935 733 1032 quemdam
765 933 993 1005 Ambrosium
1019 932 1065 1004 de
1088 935 1303 1024 Camerac0,
1333 937 1430 1007 Pari·

371 1054 521 1126 siensem
525 1050 785 1149 juriscanonici
794 1048 993 1139 doctorem,
1002 1047 1344 1138 invenit,h0minem
1355 1053 1429 1123 acri

371 1167 473 1257 satis,
488 1167 553 1238 sed
569 1165 726 1264 pessimo
742 1187 784 1236 ac
800 1155 963 1236 tortuoso
980 1164 1142 1260 ingeni0,
1163 1164 1244 1260 qui,
1263 1187 1391 1262 magna
1407 1190 1429 1238 a

371 1307 409 1354 se
434 1295 596 1378 suscepta
622 1279 792 1378 pecunia,
820 1303 859 1351 se
881 1277 1044 1351 eamdem
1073 1277 1306 1350 obtenturum
1328 1305 1372 1352 ac
1394 1281 1429 1352 ei

371 1410 635 1495 reportaturum
652 1395 827 1493 promisit.
847 1397 982 1466 Verum
1000 1417 1083 1466 cum
1102 1417 1183 1465 eam
1200 1417 1430 1492 nequaquam

372 1513 505 1585 valeret
536 1512 720 1599 obtinere,
748 1533 830 1582 cum
861 1509 992 1607 copula
1021 1510 1292 1583 matrimonialis
1319 1512 1430 1584 ineo

372 1628 484 1726 gradu
514 1629 558 1700 sit
583 1652 729 1726 prorsus
755 1624 877 1697 diviua
899 1624 979 1721 lege
1000 1624 1206 1723 prohibita,
1235 1625 1282 1698 nd
1304 1627 1429 1698 uelan-

372 1745 436 1820 das
461 1744 619 1818 falsitatis
645 1757 737 1815 artes
769 1765 806 1812 se
831 1741 1018 1824 convertit.
1044 1740 1206 1812 Conlecit
1234 1743 1331 1813 enim
1361 1741 1430 1814 sub

372 1862 520 1934 nomine
536 1858 714 1960 pontilicis
727 1857 888 1946 maximi,
904 1855 980 1928 sedi
997 1871 1083 1930 tunc
1096 1855 1299 1956 apostolicae
1310 1861 1430 1956 praesi-

372 1977 505 2066 dentis,
523 1977 656 2050 litteras
672 1973 765 2045 salsae
787 1970 1080 2086 dispensationis,
1100 1973 1232 2071 quibus
1251 1987 1287 2045 et
1308 1975 1430 2047 falsam

373 2092 520 2180 bullam,
541 2115 631 2162 verae
644 2113 754 2188 quam
772 2088 886 2186 potuit
903 2087 1128 2177 similiorem,
1147 2089 1335 2188 apposuit,
1357 2113 1432 2162 eas·

372 2233 459 2305 que,
487 2221 660 2304 tanquam
684 2228 775 2278 verae
796 2201 1070 2302 dispensationis
1086 2205 1208 2277 litterae
1228 2220 1364 2296 essent,
1383 2205 1431 2277 ad

372 2323 540 2406 eumdem
552 2323 721 2394 comitem
734 2319 934 2392 destinavit.

421 2437 558 2527 Quibus
583 2437 629 2509 ab
650 2461 695 2508 eo
712 2460 780 2534 pro
802 2435 936 2532 ingenti
955 2459 1101 2508 munere
1123 2451 1230 2534 atque
1249 2435 1430 2510 henelicio

372 2556 536 2653 receptis,
556 2555 630 2654 ipse
642 2553 714 2652 jam
729 2553 826 2624 velut
842 2575 987 2624 securus
997 2567 1210 2651 utcumque,
1232 2553 1333 2652 quod
1348 2579 1432 2654 per-

371 2687 454 2745 ante
479 2670 700 2759 occuluerat,
720 2669 795 2766 jam
816 2669 935 2766 palam
959 2668 1114 2741 ostendit
1134 2684 1241 2766 atque
1265 2671 1431 2742 manifes-

372 2788 470 2874 tavit,
488 2810 647 2858 sororem
664 2784 827 2856 eamdem
844 2808 912 2883 pro
929 2784 1098 2882 conjuge,
1117 2799 1152 2872 et
1168 2801 1367 2886 susceptam
1384 2786 1432 2860 de

372 2928 414 2975 ea
429 2903 567 3002 prolem
589 2926 655 3001 pro
672 2900 829 2998 legitima
846 2913 972 2972 tenens
993 2914 1030 2972 et
1050 2916 1234 3000 reputans.
1253 2903 1323 2974 Sed
1347 2927 1430 2974 cum

371 3045 413 3120 ea
439 3044 494 3091 res
516 3017 563 3091 ad
588 3018 720 3090 summi
744 3014 924 3116 pontilicis
948 3039 1051 3088 aures
1075 3019 1311 3117 pervenisset,
1329 3020 1386 3091 cui
1408 3044 1431 3091 a

371 3136 531 3237 plurimis
551 3148 736 3234 propterea
762 3133 915 3230 graviter
937 3132 1229 3221 succensebatur,
1255 3133 1355 3233 quod
1379 3149 1430 3207 ta·

371 3251 442 3324 lem
455 3251 596 3351 penitus
609 3249 765 3322 illicitam
780 3271 821 3320 ac
834 3247 900 3319 sibi
915 3249 1062 3321 minime
1075 3249 1282 3348 possibilem
1294 3250 1432 3324 lecisset

371 3365 694 3464 dispensationem,
721 3363 875 3460 desuper
899 3364 1080 3460 inquisitio
1106 3364 1227 3438 habita
1250 3381 1324 3456 est;
1351 3390 1433 3464 quae

372 3505 453 3552 curn
474 3493 596 3551 exacta
609 3479 716 3567 soret,
738 3479 1078 3577 praesumptionibus·
1091 3494 1197 3578 atque
1215 3481 1354 3553 indiciis
1370 3505 1432 3553 ve·

371 3596 598 3684 hementibus
619 3595 665 3668 ad
680 3595 866 3694 praelatum
893 3593 1120 3667 Ambrosium
1135 3611 1346 3695 perventum
1364 3611 1429 3669 est.

372 3715 463 3784 Cum
493 3727 611 3785 autem
637 3712 791 3810 desuper
822 3711 859 3782 in
890 3733 1034 3783 causam
1066 3727 1199 3785 tractus
1229 3713 1431 3813 apprehen·

372 3853 503 3926 susque
526 3827 665 3918 fuisset,
696 3827 904 3924 videretque
935 3842 1062 3900 contra
1086 3853 1124 3900 se
1151 3841 1268 3901 tantas
1299 3828 1431 3901 adduci

371 3942 685 4045 praesumptiones,
712 3965 791 4038 quae
822 3942 937 4014 scelus
964 3942 1073 4042 ipsius
1100 3967 1214 4042 prope
1244 3944 1429 4016 notorium

372 4060 571 4148 ellicerent,
597 4056 741 4132 tandem
763 4057 871 4129 totius
891 4058 967 4130 doli
983 4072 1091 4156 atque
1117 4061 1314 4134 commissae
1337 4061 1430 4134 falsi·

372 4177 453 4252 tatis
473 4187 718 4249 commentum
742 4175 899 4269 agnovit.
927 4177 1010 4263 Quo
1037 4178 1177 4273 agnito,
1203 4177 1310 4250 etiam
1333 4203 1432 4250 sum·

373 4317 453 4365 mus
469 4289 625 4390 pontifex
638 4289 674 4367 id
693 4289 764 4386 regi
780 4293 998 4363 Francorum
1014 4291 1144 4366 Carolo
1155 4293 1319 4367 iutimare
1330 4317 1433 4368 cura·
