3402 5186
350 503 388 560 ὅθ
624 500 882 561 HISTORIARUM
901 498 1080 558 annona
1098 499 1142 556 Xl

709 789 965 862 CAPITULUM
991 789 1050 857 Xl.

285 974 291 982 ’
347 986 468 1058 Qualiter
479 982 635 1058 hujusmodi
648 1001 716 1038 rana
726 981 815 1036 latitia
827 981 856 1034 in
867 982 968 1035 luctum
978 980 1015 1034 eis
1025 976 1100 1034 brevi
1111 989 1226 1056 crupta
1246 989 1272 1031 et
1285 977 1320 1032 de
1332 979 1418 1032 infori-

383 1067 461 1160 tunic
472 1066 643 1159 Remensium
655 1078 680 1117 et
694 1062 909 1135 Andagavorunr,
918 1060 992 1132 quod
1004 1059 1143 1114 occasione
1157 1058 1290 1132 regiarum
1301 1061 1417 1134 promis-

385 1163 491 1204 nonum
506 1159 688 1200 incurrerunt.

399 1325 506 1422 atqui
521 1347 596 1398 non
616 1324 652 1394 in
669 1321 819 1422 longum
830 1344 977 1395 cavana
991 1334 1027 1392 et
1042 1317 1125 1394 ficta
1141 1319 1287 1397 eosdem
1300 1319 1417 1394 laetitia

349 1443 478 1535 tenuit,
493 1441 581 1537 quin
598 1426 794 1538 protinus'¹,
809 1439 912 1512 initio
928 1463 1029 1536 paene
1042 1437 1155 1535 ipsius
1168 1437 1285 1510 inanis
1301 1438 1417 1510 exsul-

350 1558 496 1634 tationis
513 1571 549 1631 et
564 1558 601 1628 in
617 1558 694 1656 ipso
707 1556 848 1647 limine,
861 1556 980 1628 luctus
1000 1557 1173 1651 occupat'
1190 1553 1417 1627 circumven-

350 1690 419 1748 tos.
448 1679 537 1747 Nam
555 1698 640 1746 cum
657 1672 758 1744 brevi
780 1687 945 1771 tempore
962 1684 1191 1767 compertum
1213 1667 1314 1742 fieret
1332 1694 1417 1742 cum

350 1789 560 1889 hujusmodi
584 1787 856 1862 remissionibus
877 1786 1073 1886 pollicitam
1089 1785 1164 1880 regi
1183 1786 1417 1882 quantitatem

351 1909 500 1982 minime
521 1905 653 1988 confici
674 1929 798 2006 posse,
818 1903 865 1977 ad
885 1900 1096 2000 integranda
1114 1901 1317 2000 vectigalia,
1338 1925 1419 2000 quae

353 2023 533 2097 diminuta
549 2021 709 2112 fuerant,
731 2020 921 2093 necessitas
937 2016 1131 2118 compulit,
1152 2018 1322 2115 missique
1338 2018 1417 2092 lue-

354 2155 440 2213 runt
466 2138 700 2214 commissarii
730 2161 839 2235 super
864 2135 1132 2210 commissarios
1158 2135 1194 2205 in
1224 2135 1419 2212 maximum

355 2280 449 2328 onus
467 2252 1034 2352 gravamenqueprovincialium.
1050 2252 1135 2344 Qui,
1154 2252 1292 2324 rescisis
1309 2250 1417 2323 delal-

355 2370 557 2446 cationibus
582 2384 657 2443 tam
680 2370 860 2443 talliarum
886 2393 997 2467 quam
1023 2369 1177 2440 aliorum
1200 2367 1420 2440 tributorum

356 2502 392 2560 et
416 2484 662 2582 vectigalium,
688 2511 766 2584 quae
794 2487 885 2558 sacta
912 2485 1053 2558 inerant
1077 2485 1281 2583 insipientia
1304 2498 1340 2556 et
1364 2485 1421 2557 in·

355 2603 645 2677 consideratione
662 2603 862 2701 legatorum
878 2602 1019 2701 patriae,
1037 2602 1083 2673 ad
1100 2601 1277 2698 integrum
1297 2601 1421 2676 omnia

356 2717 615 2808 instaurarent,
637 2734 692 2814 et,
711 2721 828 2818 quise
854 2719 1001 2792 solvisse
1026 2717 1334 2810 existimaverant,
1355 2719 1421 2790 ite·

356 2863 437 2934 rum
457 2854 492 2911 et
516 2837 561 2912 de
579 2863 677 2911 novo
701 2849 908 2910 excuterent
923 2850 959 2906 et
975 2834 1117 2931 gravius
1141 2834 1256 2907 multo
1279 2859 1422 2932 preme-

357 2969 439 3028 rent
461 2981 571 3053 quam
588 2955 618 3026 si
635 2955 751 3047 initio,
771 2954 824 3025 uti
836 2953 910 3050 jam
924 2964 1104 3024 assuetum
1119 2949 1252 3039 fuerat,
1268 2950 1422 3048 integras

358 3095 516 3146 summas
532 3072 776 3146 exsolvissent.
797 3073 870 3142 Nec
887 3067 996 3142 semel
1012 3082 1152 3140 tantum
1168 3067 1215 3140 ad
1233 3091 1346 3142 novas
1359 3093 1422 3142 ex-

359 3189 571 3260 crescentias
588 3202 624 3259 et
640 3185 841 3258 auctiones³
856 3208 1099 3275 summarum,
1118 3181 1181 3256 sed
1193 3197 1248 3256 ter
1262 3181 1319 3255 vel
1336 3207 1423 3280 qua·

358 3318 425 3395 ter,
449 3303 626 3378 mandatis
643 3300 901 3403 principalibus
921 3300 1077 3399 desuper
1093 3300 1285 3390 emanatis,
1303 3299 1420 3371 miseri

358 3419 482 3519 populi
508 3446 572 3520 per
596 3435 710 3496 totam
735 3418 961 3518 provinciam
989 3415 1224 3516 urgebantur3
1249 3419 1298 3490 ita
1322 3414 1422 3512 quod

358 3536 521 3637 prolecto
540 3563 658 3612 annus
677 3537 734 3609 ille
751 3537 889 3636 primns
906 3536 992 3608 novi
1009 3535 1117 3632 regiS,
1137 3559 1246 3632 quem
1266 3534 1335 3622 sibi
1350 3548 1423 3606 tarn

248 3680 254 3689 ·
358 3655 556 3751 benignum
584 3658 870 3752 clementemque
901 3654 1008 3728 luisse
1034 3666 1262 3752 putaverant,
1290 3651 1424 3724 caeteris

358 3773 529 3854 omnibus
540 3771 799 3861 anterioribus,
813 3786 988 3868 quantum
1003 3770 1048 3842 ad
1061 3793 1174 3842 onera
1189 3769 1423 3842 collationum

357 3906 411 3984 et,
432 3914 511 3988 quae
532 3889 618 3962 inde
646 3889 837 3989 provenire
863 3887 997 3979 solent,
1024 3885 1249 3985 rapinarum,
1281 3885 1424 3982 gravior

396 4093 426 4150 1.
451 4093 508 4164 Qui
517 4095 614 4168 potius
626 4087 698 4146 dans
713 4086 741 4146 le
755 4107 808 4149 ms.

395 4183 425 4244 2.
443 4181 541 4240 Plutot
555 4180 739 4257 occupaverit,

396 4273 425 4330 3.
449 4275 581 4330 Actiones
597 4270 668 4330 dans
684 4268 711 4328 le
725 4287 779 4330 ms.
