3282 5168
556 517 666 576 uuna
694 506 878 590 Quintus.
1187 521 1244 577 sta

186 651 404 726 Audernaci¹
430 649 626 726 collocatus
651 666 743 724 esset
768 675 877 752 supra
898 654 1022 752 ,ripam
1043 652 1180 744 Rheni,
1202 679 1245 726 ex

186 768 353 868 opposito
371 765 505 840 obsessi
523 766 649 866 oppidi
667 769 758 838 Lina
770 771 793 854 ¹,
810 766 924 874 ‘irruit
947 769 984 840 in
1000 791 1064 842 eos
1080 768 1247 867 quaedam

185 898 304 958 turma
320 884 482 981 equitum
498 881 815 980 Burgundionum,
838 883 899 980 qui
919 884 1059 958 circiter
1073 883 1248 958 ducentos

185 1023 228 1072 er
240 1001 326 1098 ipsis
339 997 569 1088 occiderunt3
587 995 682 1070 unde
696 997 813 1074 luctus
827 1023 976 1096 magnus
992 1013 1029 1072 et
1041 998 1194 1096 ejulatus
1210 1000 1248 1072 in

187 1112 401 1188 Andemaco
417 1113 495 1186 fuit.
882 1192 886 1204 Ι

236 1230 348 1300 Porro
369 1224 581 1299 adveniente
607 1240 812 1322 treugarum
838 1224 911 1300 fine
938 1251 1031 1326 quae,
1057 1227 1109 1298 uti
1124 1225 1249 1300 retuli·

185 1367 286 1434 mus,
310 1342 436 1416 ultima
458 1341 517 1414 die
539 1342 660 1441 aprilis
682 1343 767 1416 anni
796 1368 1049 1418 mccccmxxv.
1074 1343 1250 1418 linieban-

186 1473 258 1551 tur,
273 1481 457 1555 aggressus
467 1473 521 1530 est
530 1463 751 1531 Francorum
767 1483 827 1530 rex
842 1483 926 1532 cum
938 1484 1067 1558 magna
1083 1474 1120 1533 et
1133 1458 1252 1533 valida

76 1606 80 1622 ·
186 1601 298 1651 manu
320 1575 469 1649 diversis
486 1600 529 1648 ex
547 1573 709 1676 partibus
731 1576 926 1663 incursare,
944 1575 1108 1672 subigere
1123 1591 1159 1650 et
1172 1601 1252 1650 vas·

186 1707 262 1766 tare
277 1707 390 1767 terras
407 1692 509 1766 ducis
526 1692 751 1790 Burgundiae,
771 1697 910 1764 Etcum
926 1688 993 1790 ipsi
1007 1692 1090 1765 duci
1102 1709 1250 1793 perante

187 1807 379 1882 soederatus
400 1809 587 1882 exstitisset
611 1809 684 1882 dur
707 1807 956 1905 lotharingiae,
984 1807 1076 1880 lilius
1099 1811 1249 1895 Ferrici‚

187 1927 328 1998 comitis
344 1927 390 1999 de
415 1925 690 2019 Vaudesmons',
721 1927 826 2024 eique
846 1926 1079 2023 jurisjurandi
1105 1927 1249 2000 vinculo

187 2043 273 2116 satis
294 2056 391 2115 arcte
406 2042 618 2115 constrictus
625 2043 648 2134 ⁸,
676 2039 883 2115 sollicitatus
900 2067 965 2142 per
978 2067 1114 2141 regem,
1132 2044 1250 2116 statim

187 2173 296 2258 rupto
308 2157 455 2246 loedere,
471 2159 581 2232 veluti
594 2158 640 2232 de
650 2172 742 2231 statu
761 2158 862 2233 ducis
881 2158 1093 2256 Burgundiae
1105 2185 1251 2260 prorsus

109 2275 111 2282 '
188 2271 394 2372 desperans,
419 2287 454 2348 et
471 2287 643 2370 tanquam
663 2273 882 2371 impossibile
903 2275 1109 2348 existimans
1121 2275 1250 2375 ”ipsum

187 2398 241 2456 tot
261 2377 437 2477 hostium,
465 2398 554 2482 quot
572 2400 650 2457 tum
675 2385 743 2458 sibi
767 2385 1020 2479 imminebant,
1041 2411 1061 2460 e
1083 2387 1251 2462 manibus

188 2500 280 2574 elabi
297 2525 424 2600 posse,
444 2526 527 2574 curn
541 2515 637 2573 certa
654 2515 754 2599 parte
773 2502 960 2600 copiarum
974 2503 1066 2597 regis
1081 2501 1250 2578 invadere

187 2621 297 2718 coepit
325 2635 457 2692 terram
479 2617 850 2715 Luxemburgensem,
877 2620 960 2715 igne
983 2633 1019 2690 et
1035 2618 1129 2691 ferro
1154 2643 1251 2692 non-

188 2735 305 2810 nullas
320 2735 422 2808 villas
438 2749 474 2807 et
491 2733 635 2808 castella
650 2734 761 2834 ipsius
778 2733 991 2834 populatus,
1011 2758 1095 2806 curn
1114 2734 1153 2808 in
1174 2735 1252 2833 ipsa

189 2869 284 2928 terra
294 2856 393 2929 nulla
403 2853 567 2953 praesidia
583 2853 736 2926 militum
748 2851 1130 2950 burgundionumdux
1140 2852 1252 2927 collo·
1367 2899 1370 2905 ·

188 2987 324 3064 casset,
352 2970 415 3044 sed
438 2970 690 3067 undecumque
716 2967 904 3066 quomodo
923 2982 1112 3067 potuerat,
1140 2967 1189 3042 ad
1214 2993 1254 3042 se

188 3089 430 3162 contraxisset.
461 3087 565 3162 Unde
589 3086 691 3160 facite
715 3101 790 3158 erat
814 3086 882 3185 ipsi
905 3085 989 3158 duci
1016 3083 1252 3180 Lotharingiae

188 3218 296 3302 atque
309 3205 466 3296 Francis,
483 3205 547 3302 qui
563 3229 600 3277 se
619 3201 687 3275 sibi
703 3205 741 3276 in
755 3227 871 3276 unum
881 3203 1154 3300 conjunxerant,
1165 3201 1253 3292 inea

189 3338 302 3422 parte,
322 3322 386 3395 ubi
398 3321 528 3394 ,nullus
553 3319 599 3392 ad
624 3319 864 3392 resistendum
880 3319 1008 3391 obvius
1025 3301 1250 3407 occurrebat,

188 3464 255 3538 pro
274 3439 378 3512 libito
398 3462 518 3533 agere.
544 3441 587 3509 Et
603 3447 699 3510 certe
711 3435 857 3536 plurimi
870 3434 1037 3510 admirati
1053 3447 1149 3526 sunt,
1169 3458 1252 3506 cum

188 3570 287 3628 tanta
303 3555 370 3628 sibi
388 3553 601 3651 subjiciendi
619 3569 750 3625 terram
768 3551 885 3643 illam,
914 3550 1162 3626 defensoribus
1185 3575 1253 3622 nu·

230 3735 259 3790 l.
281 3729 466 3790 Andemach.

230 3824 259 3880 Ξ.
281 3821 351 3882 Lina
362 3832 406 3880 est
418 3840 454 3879 en
468 3819 539 3880 ellel
550 3838 602 3878 sur
614 3815 643 3878 la
655 3815 718 3876 rive
732 3814 825 3876 droite
839 3812 878 3872 du
892 3813 981 3872 Rbin.

231 3915 259 3971 ³.
281 3911 373 3984 Rene,
389 3910 433 3970 liis
447 3910 484 3971 de
498 3913 588 3990 Ferry
600 3910 636 3969 de
646 3908 838 3978 vaudemom,
854 3904 987 3984 appeled
1000 3905 1030 3964 la
1040 3901 1206 3964 successiou
1217 3901 1254 3960 de

188 3998 345 4072 lorraine,
359 4019 396 4059 en
413 4001 504 4073 ttte,
521 3999 605 4078 apres
618 3998 647 4057 la
662 4010 738 4058 mort
753 3996 789 4056 de
803 3995 933 4069 Nicolas,
948 4015 1001 4054 son
1014 3994 1125 4054 cousin.

230 4091 260 4149 l.
282 4088 306 4150 ll
320 4088 413 4150 s'dtait
425 4088 552 4169 engage,
567 4088 609 4148 lui
623 4101 652 4147 et
668 4100 746 4146 toute
760 4087 788 4147 la
804 4085 939 4155 noblesse
952 4085 989 4146 de
1006 4103 1058 4144 son
1075 4079 1185 4155 duohti,
1201 4099 1255 4160 par·

188 4175 288 4236 lettres
305 4197 342 4239 en
361 4179 426 4240 date
442 4177 483 4238 du
503 4180 539 4236 18
557 4197 628 4238 nov.
644 4179 732 4239 tm.
749 4182 785 4236 D.
799 4175 954 4248 Plancher,
971 4175 1094 4234 Histoire
1109 4173 1146 4229 de
1159 4174 1254 4228 Bw

188 4287 291 4346 mne,
306 4279 326 4328 t.
342 4272 393 4342 IV,
406 4288 548 4349 preuves,
560 4268 616 4329 col.
634 4270 704 4329 att.
