3402 5186
632 534 755 592 ,LIBER
774 535 926 594 PRIMUS.
1279 543 1314 598 21

258 662 383 758 dendi,
401 663 625 738 distrahendi
651 680 686 738 et
710 690 777 764 pro
799 692 866 740 suo
893 682 982 739 nutu
1016 666 1322 769 qualitercumque

258 780 474 881 disponendi
490 783 685 881 plenariam
696 798 920 882 potestatem.
935 789 1014 873 Qua
1027 799 1203 885 potestate
1214 812 1323 885 quam

257 897 407 976 civiliter
423 923 507 969 usus
520 897 637 991 suerit,
661 899 735 972 imo
750 925 859 997 quarn
877 901 1075 998 perniciose
1092 925 1134 974 ac
1149 904 1320 1002 turpiter,

191 1055 196 1064 ·
259 1013 315 1084 vix
334 1012 482 1110 cogitari
498 1014 622 1110 possit.
1341 1009 1342 1012 '

307 1131 576 1200 Consueverant
592 1129 804 1229 plerumque
830 1130 1038 1229 hujusmodi
1068 1131 1263 1222 forestarii,
1289 1149 1325 1206 et

258 1244 326 1317 sub
354 1244 489 1316 eisdem
515 1245 709 1318 servientes
733 1260 768 1320 et
793 1247 960 1319 custodes
985 1248 1189 1338 constituti,
1216 1249 1323 1322 etiam

258 1381 340 1430 cum
358 1359 465 1455 gratis
482 1358 608 1432 eadem
625 1359 745 1434 officia
768 1363 920 1432 assecuti
937 1361 1096 1450 fuerant,
1121 1363 1250 1437 multas
1266 1389 1325 1436 ca·

257 1474 425 1563 lumnias,
446 1475 699 1548 concussiones
716 1489 752 1546 et
767 1475 911 1572 rapinas
922 1499 1087 1548 exercere
1104 1476 1139 1546 in
1151 1499 1325 1574 pauperes

257 1590 507 1690 provinciales,
529 1593 575 1664 ita
592 1592 712 1690 quod,
733 1591 858 1691 procul
880 1589 1016 1684 dubio,
1044 1589 1188 1689 publica
1205 1593 1325 1689 potius

258 1705 390 1779 utilitas
408 1720 617 1803 exposceret
633 1720 673 1776 ut
690 1699 814 1776 omnia
834 1704 916 1778 talia
935 1703 1055 1778 officia
1070 1688 1320 1799 abolerentur,

257 1820 568 1920 quemadmodum
585 1818 684 1910 alias,
705 1832 744 1891 ut
757 1819 929 1914 iuberet,
945 1819 1185 1892 consultatum
1200 1832 1324 1892 tracta·

258 1952 408 2034 tumque
432 1936 594 2008 exstitit¹.
622 1940 722 2008 Tunc
745 1960 851 2028 vero,
876 1961 959 2009 cum
985 1962 1051 2035 per
1070 1933 1255 2036 praelatum
1277 1933 1323 2008 de

256 2050 522 2124 Monte-Albani
543 2053 666 2124 omnia
684 2051 894 2148 hujusmodi
917 2051 1034 2127 officia
1056 2050 1319 2142 venderentur,

256 2169 303 2241 ad
320 2167 623 2264 licitationemque
639 2166 962 2264 (quemadmodum
979 2168 1025 2240 de
1041 2166 1193 2267 publicis
1204 2168 1322 2239 vecti-

262 2282 401 2380 galibus
416 2282 493 2355 fieri
507 2282 651 2380 assolet)
659 2296 948 2381 exposcerentur,
961 2283 1093 2382 passim
1107 2297 1143 2354 et
1159 2283 1322 2379 frequen-

256 2400 326 2471 tius
342 2397 387 2473 ad
415 2399 559 2496 iniquos
575 2413 610 2470 et
627 2398 758 2497 impios
773 2398 960 2490 homines,
981 2422 1044 2498 spe
1064 2399 1176 2470 solius
1191 2397 1320 2497 praedae
1368 2419 1369 2424 ’

255 2522 362 2615 atque
396 2516 532 2614 rapinae
564 2513 722 2602 illectos,
756 2513 1004 2610 hujuscemodi
1040 2512 1323 2585 devolvebantur

256 2633 397 2722 officia3
417 2631 563 2728 quibus,
582 2655 656 2726 quo
673 2630 784 2731 pluris
801 2655 844 2702 ea
855 2645 1071 2718 emerentur,
1090 2631 1195 2703 simul
1213 2633 1319 2702 etiam

255 2749 450 2822 calumnias
477 2763 512 2820 et
537 2746 674 2845 praedas
698 2745 827 2844 agendi
853 2744 997 2818 libertas
1028 2729 1140 2818 laxari
1172 2748 1321 2847 impune

254 2863 458 2938 videbatur.
486 2862 590 2934 Unde
613 2888 688 2935 non
710 2862 813 2935 facile
831 2861 996 2934 aestimari
1015 2876 1151 2960 posset,
1164 2878 1322 2960 ,quantas

254 2985 425 3082 pecunias
446 3007 490 3054 en
514 2981 722 3079 hujusmodi
741 2979 1010 3054 venditionibus
1027 2980 1104 3080 ipse
1120 2979 1166 3053 de
1182 2984 1321 3053 Monte-

255 3098 380 3172 Albani
397 3099 595 3170 extorserit.
617 3101 702 3169 Erat
718 3097 815 3169 enim
827 3097 904 3168 sine
921 3095 1007 3190 lide,
1022 3097 1155 3196 pietate
1169 3110 1204 3168 ct
1221 3095 1323 3192 justi-

255 3216 327 3303 tia,
348 3215 517 3314 pecunias
542 3213 766 3312 congerendi
790 3229 826 3286 et
852 3213 1096 3312 congregandi
1124 3211 1324 3288 incredibili

254 3331 406 3428 flagrans
422 3329 551 3402 ardore
572 3357 580 3400 ε
603 3328 702 3401 unde
719 3355 786 3402 nec
808 3330 883 3402 suis
901 3329 1136 3428 emptoribus,
1155 3328 1325 3428 aquibus

252 3459 466 3518 conventam
485 3445 678 3543 pecuniam
696 3448 910 3545 recepisset,
931 3445 1041 3518 fidem
1059 3445 1237 3518 ullatenus
1257 3445 1324 3518 ob·

253 3561 434 3652 servabat;
452 3559 515 3632 scd
535 3562 564 3633 si
587 3561 668 3660 quis
693 3561 928 3661 postmodum
952 3578 1177 3662 compareret
1199 3564 1262 3661 qui
1286 3589 1323 3636 se

254 3676 442 3773 pecuniam
459 3675 630 3749 daturum
648 3677 795 3750 offerret
810 3678 1037 3776 ampliorem,
1051 3679 1172 3779 priore
1186 3677 1325 3750 defrau-

254 3794 355 3883 dato,
384 3791 450 3864 sibi
482 3792 784 3889 adjudicabatur¹
814 3793 985 3866 cilicium.
1014 3791 1176 3866 Habebat
1202 3807 1321 3866 autem

254 3911 330 4009 ipse
347 3933 431 3982 suos
447 3908 574 3982 talium
590 3909 894 3982 commerciorum
909 3924 1143 4009 proxenetas,
1164 3909 1226 4007 qui
1249 3933 1324 3980 un-

295 4105 323 4161 t.
346 4104 483 4160 L’auteur
503 4099 612 4160 semble
636 4101 708 4161 laire
729 4101 854 4162 allusion
875 4106 889 4160 a
906 4101 958 4161 des
979 4103 1086 4182 projets
1104 4102 1324 4164 ancienncment

254 4192 362 4253 soumis
376 4211 413 4250 au
427 4189 535 4249 conseil
548 4189 585 4249 de
602 4191 720 4251 charles
734 4194 798 4252 vu.

296 4287 325 4342 2.
349 4280 550 4357 ,adjiciebatur
562 4281 674 4342 dausle
688 4303 742 4366 qrs.
813 4286 818 4295 '
909 4279 912 4288 ’
