3322 5172
606 563 716 620 meua
737 551 907 634 Qumrus.
1229 566 1288 622 soa

228 698 403 794 requisitae
414 700 436 768 ¹.
456 694 526 768 Sed
537 693 732 768 multitudo
747 697 859 770 nimia
871 711 946 770 erat
957 696 1138 794 (universa
1155 695 1288 768 scilicet

229 812 339 886 ferme
356 813 523 886 nobilitas
539 810 678 883 illarum
695 811 902 887 inferiorum
920 812 1135 915 regionum),
1155 811 1286 910 quaein

229 929 403 1003 sententia
418 953 492 1000 non
510 926 703 1000 obediendi
720 928 896 1001 mandatis
917 927 1109 1001 immobilis
1126 928 1289 1026 'persiste-

229 1043 291 1117 bat
300 1076 310 1138 ;
325 1070 422 1142 quae,
438 1058 474 1116 et
485 1044 547 1116 ubi
559 1043 697 1143 aliquos
711 1046 791 1142 capi
806 1059 841 1118 et
854 1045 901 1117 ad
912 1038 1085 1142 supplicia
1095 1043 1151 1115 vel
1166 1066 1289 1141 poenas

229 1161 390 1259 protrahi
407 1161 649 1258 cognovisset,
669 1159 714 1230 ad
731 1158 917 1232 formalem
935 1159 1168 1232 rebellionem
1181 1171 1217 1230 et
1232 1156 1291 1229 de·

228 1277 418 1349 sectionem
453 1276 598 1349 totalem
624 1277 828 1374 provincias
850 1277 1085 1348 verisimiliter
1112 1275 1288 1347 concitas·

229 1407 293 1465 set.
315 1395 368 1467 Ad
389 1394 461 1465 hoc
480 1395 576 1465 enim
596 1394 679 1464 satis
697 1387 888 1464 voluntarii
905 1392 1141 1490 provinciales
1157 1389 1289 1488 passim

229 1507 279 1578 ibi
296 1533 372 1582 esse
389 1509 623 1599 videbantur,
649 1530 772 1604 graves
788 1505 951 1578 dietenus
969 1505 1015 1578 de
1032 1507 1192 1605 principe
1206 1527 1292 1602 que-

228 1623 319 1696 relas
336 1606 576 1721 deponentes,
602 1621 702 1719 quod
724 1645 805 1706 eos,
831 1635 957 1693 contra
973 1622 1104 1718 patrias
1127 1621 1291 1718 antiquas

227 1737 407 1816 libertates
424 1753 458 1808 et
483 1761 524 1810 ea
550 1762 628 1835 quae
644 1738 770 1833 saepius
795 1737 928 1808 eisdem
954 1735 1192 1833 promisisset,
1211 1759 1291 1832 gra-

228 1851 379 1924 vissimis
395 1851 646 1926 collationibus
662 1866 697 1925 et
714 1850 942 1948 vectigalibus
962 1866 1139 1924 oneraret.

276 1971 421 2040 Fecerat
444 1969 609 2066 praelatus
638 1967 868 2041 cancellarius
895 1967 1084 2063 caeterique
1111 1966 1157 2038 de
1179 1966 1289 2064 ipsius

228 2082 399 2174 consilio,
427 2085 489 2182 qui
516 2083 688 2156 Flandriae
714 2079 749 2156 et
779 2084 974 2156 Brabantiae
1002 2081 1292 2156 administrandis

195 2216 197 2223 “
228 2213 421 2297 praeerant,
437 2201 644 2296 congregari
656 2201 772 2270 Status
790 2187 985 2296 patriarum
1004 2199 1174 2300 principis
1191 2219 1291 2281 mau-

228 2308 333 2402 dato,
358 2312 404 2384 ab
427 2315 478 2384 eis
495 2314 662 2410 expositis
685 2312 752 2384 sibi
780 2327 816 2383 et
840 2314 983 2383 retertis
1000 2310 1287 2402 necessitatibuS,

228 2427 360 2523 quibus
386 2430 552 2528 princeps
578 2429 790 2499 constrictus
814 2426 1043 2498 arctabatur:
1065 2440 1225 2523 petentes
1250 2440 1289 2497 ut

228 2541 274 2613 de
289 2543 436 2640 alicujus
450 2569 552 2615 novae
563 2543 763 2615 collationis
778 2540 845 2614 sibi
863 2541 993 2614 vellent
1009 2539 1141 2613 auxilio
1157 2538 1286 2612 subve-

229 2658 318 2728 nire.
339 2658 448 2745 Quod
464 2684 547 2731 cum
563 2656 799 2757 provinciales
812 2671 1004 2752 negarent,
1021 2654 1198 2760 ediverso
1215 2679 1288 2726 ma·

228 2798 339 2870 gnum
362 2789 399 2846 et
424 2797 531 2871 grave
559 2773 701 2872 pondus
724 2773 950 2869 vectigalium
974 2787 1010 2844 et
1034 2770 1283 2862 collectarum,

228 2914 308 2988 quae
335 2889 497 2962 dietenus
523 2890 642 2964 adbuc
671 2905 854 2960 currerent
877 2901 911 2960 et
936 2889 983 2962 ad
1005 2902 1141 2959 certum
1167 2887 1287 2959 adhuc

228 3027 407 3077 annorum
433 3028 623 3077 numerum
651 3001 843 3090 durarent,
877 3004 1133 3101 superioreque
1165 3026 1284 3092 anno,

228 3145 328 3218 paene
344 3144 451 3220 supra
467 3122 588 3219 patriae
608 3132 642 3190 et
666 3117 792 3215 populi
811 3118 925 3209 vires,
945 3139 1122 3192 concessae
1142 3118 1287 3190 exstite-

229 3250 327 3329 rant,
348 3261 415 3333 pro
427 3261 490 3308 sua
504 3235 729 3308 excusatione
742 3232 955 3330 allegabant.
974 3239 1087 3307 Porro
1100 3259 1183 3306 cum
1199 3235 1286 3307 dicti

230 3348 397 3436 officiales
426 3351 627 3422 arctissimis
651 3350 823 3447 principis
847 3349 1047 3439 mandatis,
1078 3351 1285 3424 saevissimas

228 3462 494 3537 continentibus
508 3465 820 3557 comminationes,
837 3481 1085 3564 premerentur
1095 3482 1204 3565 atque
1217 3481 1286 3543 ter·

228 3596 407 3674 rerentur,
437 3593 473 3651 et
497 3594 684 3678 propterea
712 3582 946 3678 provinciales
973 3582 1020 3654 ad
1044 3583 1227 3683 implenda
1250 3597 1286 3656 et

229 3696 453 3795 exsequenda
492 3695 662 3794 principis
696 3696 863 3767 mandata
896 3697 1029 3770 vellent
1067 3724 1283 3798 perurgere,

229 3813 463 3886 convolarunt
480 3827 653 3882 terrarum
669 3811 826 3909 ipsarum
842 3815 960 3884 Status
974 3814 1021 3886 ad
1039 3814 1286 3912 appellationis

229 3931 443 4018 remedium,
458 3941 493 4000 et
507 3952 526 4000 a
538 3925 712 4025 praedictis
728 3927 916 4020 mandatis,
929 3945 964 4001 et
979 3929 1063 4028 ipsis
1078 3931 1185 4001 etiam
1200 3953 1286 4001 can·

231 4046 373 4120 cellario
393 4061 428 4118 et
444 4042 670 4136 officialibus,
690 4041 735 4116 ad
752 4044 943 4142 ipsummet
960 4069 1064 4117 suum
1087 4045 1288 4145 principem

273 4303 303 4357 1.
324 4302 463 4376 Requisr'tr'
479 4294 550 4356 dans
563 4294 590 4355 le
604 4315 658 4354 ms.
674 4294 698 4352 ll
712 4293 836 4356 faudrait
848 4294 942 4372 plutdt
954 4295 1137 4369 requirenda.
