3322 5172
613 483 722 542 matt
740 481 911 556 QUINTUS.
1235 491 1290 552 aar

238 610 362 688 ditates
380 640 456 688 non
481 614 647 688 minimas
670 613 819 710 algoris,
845 629 949 688 aestns
973 629 1081 715 atque
1100 617 1291 716 imbrium,

237 729 343 804 etiam
368 729 470 804 famis
492 746 599 828 atque
623 729 771 824 inediae,
791 745 827 804 et
852 732 1026 830 penuria,
1049 749 1086 806 et
1107 741 1295 812 necessarii

237 843 351 916 victus
365 847 609 920 necessitatem
623 845 825 944 frequenter
845 849 1053 923 sustinuisse
1072 849 1291 944 ferebantur.

237 961 320 1032 Erat
335 961 432 1033 enim
445 961 516 1032 illic
527 960 671 1060 querela
684 963 849 1060 frequens
860 978 896 1037 et
907 989 1008 1062 paene
1023 965 1177 1054 assidua,
1193 971 1293 1067 qnod

236 1090 271 1147 et
288 1100 441 1151 annonae
460 1078 600 1150 caristia
620 1091 656 1150 et
679 1081 829 1176 penuria
853 1104 985 1176 magna
1002 1081 1229 1176 laborarent,
1259 1102 1297 1159 et

235 1192 336 1288 quod
360 1192 405 1266 de
430 1195 502 1266 suis
524 1193 662 1266 statutis
685 1194 871 1293 stipendiis
900 1196 951 1267 eis
967 1197 1119 1294 pessime
1139 1200 1295 1277 solvere-

236 1321 293 1380 tur
312 1335 320 1379 :
340 1333 419 1407 quae
435 1334 491 1386 res.
508 1311 672 1383 omnium
687 1335 788 1408 poene
803 1309 870 1382 sibi
890 1311 1119 1387 militantium
1134 1341 1157 1389 a
1170 1322 1296 1393 scani-

235 1447 314 1496 mos
334 1440 370 1497 et
395 1425 683 1498 benevolentiam
704 1425 934 1512 distrahebat.
956 1431 1064 1502 Fama
1084 1431 1191 1504 etiam
1214 1436 1302 1522 satisx

233 1538 377 1638 publica
397 1556 434 1613 et
454 1541 599 1638 vulgata
621 1539 813 1633 ferebatur,
833 1540 933 1638 quod
955 1566 1038 1615 raro
1061 1546 1191 1620 milites
1212 1573 1297 1622 snos

234 1654 366 1728 blande
382 1679 423 1728 ac
447 1655 598 1729 dulciter
622 1655 722 1728 allari
746 1671 783 1728 et
803 1655 1019 1756 compellare
1040 1678 1293 1757 consueverat;

233 1772 296 1844 sed
317 1795 398 1865 eos,
416 1773 524 1845 etiam
543 1797 610 1871 pro
628 1771 735 1844 nullis
754 1772 812 1845 vel
829 1772 988 1845 minimis
1005 1775 1137 1863 causis,
1161 1779 1296 1877 asperis

234 1902 269 1959 et
294 1886 475 1960 atrocibus
503 1903 538 1961 et
563 1889 759 1962 immitibus
781 1890 1024 1963 insectabatur
1043 1891 1174 1964 verbis.
1199 1895 1294 1981 Qni-

233 2001 300 2075 bus
315 2003 422 2076 rebus
438 2004 550 2094 datis,
572 2004 715 2078 difficile
737 2020 790 2078 est
810 2031 941 2104 magno
959 2021 996 2079 et
1011 2007 1149 2080 volenti
1171 2009 1293 2082 animo

233 2119 365 2192 militiae
387 2119 555 2193 duritiam
577 2135 684 2220 atque
707 2119 843 2193 inedias
861 2123 956 2221 pati,
976 2136 1011 2194 et
1032 2121 1142 2194 vitam
1158 2147 1200 2196 ac
1222 2122 1294 2195 sor·

233 2245 338 2304 tunas
361 2234 543 2307 universas
568 2259 636 2332 pro
661 2233 833 2323 homine,
860 2234 923 2330 qui
942 2233 1081 2306 nullam
1105 2232 1152 2306 ad
1177 2258 1240 2306 eos
1256 2259 1293 2306 se

232 2346 519 2423 benevolentiam
550 2349 683 2422 habere
711 2349 890 2440 ostendit,
916 2350 1081 2421 extremis
1114 2347 1294 2445 objectare
1474 2417 1479 2431 ,

298 2463 411 2536 iculis.

232 2486 472 2658 pellerebatur
488 2580 595 2653 etiam
611 2579 695 2653 huic
715 2579 808 2652 cladi
826 2593 862 2651 et
879 2575 975 2651 aliud
994 2578 1083 2650 suis¹
1097 2578 1291 2654 infaustum

232 2694 412 2793 adjectum
437 2695 556 2769 luisse.
582 2701 672 2769 Nam
697 2720 780 2768 cum
807 2694 929 2793 plures
954 2693 1000 2766 de
1023 2695 1096 2767 suis
1120 2694 1292 2791 fugiendo

232 2810 329 2908 apud
349 2811 561 2884 Gebennam
577 2825 637 2884 aut
656 2810 742 2883 alias
759 2833 796 2882 se
818 2809 1051 2908 recepissent,
1071 2834 1134 2882 eos
1147 2810 1218 2882 loci
1235 2810 1293 2882 in·

232 2927 318 3000 colae
330 2981 341 3019 ‚
366 2928 473 3002 simul
494 2953 577 3002 cum
599 2927 744 3000 fortuna
772 2926 818 2999 ab
841 2925 1020 2998 anteriore
1043 2924 1292 3001 benevolentia

231 3057 337 3140 atque
378 3047 533 3130 amicitia
570 3041 802 3134 deficientes,
837 3039 1031 3112 trucidasse
1070 3040 1288 3116 ferebantur.

233 3165 383 3260 Propter
404 3163 505 3261 quod
521 3178 558 3236 et
577 3159 769 3235 nonnullas
790 3158 864 3231 doli
885 3181 927 3229 ac
942 3156 1156 3254 proditionis
1175 3159 1291 3257 suspi-

231 3277 369 3364 ciones,
397 3278 512 3372 ipsam
542 3279 650 3350 etiam
677 3274 864 3350 Sabandiae
891 3271 1071 3348 ducissam
1100 3297 1223 3346 secum
1250 3275 1287 3346 in

231 3393 475 3491 Burgundiam
487 3396 563 3492 ipse
580 3395 652 3468 dux
667 3394 814 3487 abduci,
828 3395 911 3468 licet
926 3391 1087 3482 inritam,
1108 3405 1215 3490 atque
1228 3390 1291 3463 diu

118 3502 121 3515 s
231 3511 301 3584 illic
318 3509 487 3584 asservari
504 3523 540 3580 et
549 3509 665 3580 teneri
681 3509 793 3581 fecit¹.

272 3695 301 3760 l,
322 3692 394 3750 Sans
407 3688 494 3748 doute
507 3693 577 3748 satis
589 3706 628 3748 au
638 3685 698 3746 lieu
711 3687 748 3748 de
761 3691 829 3748 suis.

272 3783 301 3842 Ξ.
323 3785 370 3840 Au
383 3777 503 3838 cbltean
517 3776 553 3836 de
566 3781 713 3848 Rouvres‚
730 3779 796 3856 pres
810 3776 846 3835 de
859 3775 958 3852 Dijon,
972 3775 1042 3836 d’on
1054 3775 1110 3836 elle
1124 3771 1240 3833 s’dvada
1252 3793 1290 3832 an

221 3845 302 3929 bont
317 3869 354 3929 de
367 3881 469 3947 quatre
483 3887 522 3926 ou
535 3863 602 3944 cinq
616 3863 700 3925 mois.
715 3865 889 3937 Commines,
905 3865 926 3925 1.
939 3869 975 3940 V,
991 3887 1017 3926 c.
1034 3885 1075 3926 rr.
