3402 5186
311 469 313 472 ’
361 485 399 542 so
633 484 891 543 msmmanuu
910 485 1089 544 Lunovrcr
1109 487 1152 544 xi

362 617 452 716 regis
468 615 515 690 ad
531 616 628 689 diem
644 632 871 713 sequentem,
889 617 989 714 juxta
1006 640 1048 688 ea
1059 641 1144 715 -quee
1161 617 1422 709 insinuaverat,

361 732 589 834 operiebatur
620 732 827 806 adventum.
864 736 941 831 lpse
973 746 1093 805 autem
1126 732 1425 830 Burgundionum

361 849 453 940 dux,
477 848 548 921 hoc
567 849 694 921 nuntio
714 863 882 947 accepto,
906 872 981 920 non
1003 849 1195 921 immemor
1214 847 1425 922 insidiarum

361 980 396 1039 et
405 964 480 1037 doli
492 963 623 1064 quibus
634 965 772 1061 genitor
785 989 869 1037 suus
880 963 995 1037 luerat
1004 966 1251 1064 interemptus,
1263 978 1426 1036 metuens

362 1107 407 1156 ne
431 1096 466 1153 et
488 1080 575 1174 sibi,
601 1077 910 1178 quemadmodum
935 1082 1042 1153 unico
1070 1081 1146 1178 ejus
1169 1080 1264 1170 filio,
1290 1082 1426 1154 insidiae

363 1199 495 1298 pariter
521 1196 768 1288 tenderentur,
797 1220 871 1269 non
903 1211 1107 1296 exspectato
1129 1197 1221 1294 regis
1243 1195 1423 1290 adventu,

246 1305 251 1310 ’
363 1313 485 1388 relicto
512 1313 688 1403 Hesdino,
717 1311 871 1385 Insulas¹
895 1327 948 1386 est
973 1311 1167 1417 profectus.
1193 1316 1284 1384 Cum
1306 1327 1427 1386 autem

363 1430 438 1526 ejus
454 1455 630 1502 recessum
650 1454 711 1501 rex
734 1429 975 1525 cognovisset,
999 1429 1105 1502 simul
1127 1430 1236 1502 etiam
1258 1429 1358 1526 quod
1381 1430 1427 1503 de

362 1545 516 1639 insidiis,
533 1570 619 1645 ,quae
640 1545 764 1617 comiti
785 1544 830 1617 de
853 1545 1038 1616 Cbarolois
1058 1560 1189 1645 paratae
1210 1544 1367 1636 fuerant,
1391 1561 1428 1619 et

363 1661 530 1760 captione
545 1660 705 1734 Bastardi
722 1659 767 1732 de
785 1658 987 1758 Rubemprd
1002 1685 1150 1734 currens
1174 1659 1309 1758 ubique
1332 1659 1427 1734 fama

364 1802 428 1851 ora
451 1778 616 1850 omnium
638 1776 855 1875 compleret,
880 1775 1028 1849 dimissa
1049 1775 1228 1864 Picardia„
1254 1775 1292 1847 in
1317 1780 1427 1848 Fran·

364 1893 474 1982 ciam,
492 1892 661 1982 Turonis,
681 1905 733 1964 est
749 1894 943 1962 reversus¹.

704 2230 969 2334 ctrtvutuu
982 2232 1106 2324 xxvi.

366 2437 405 2488 De
417 2433 547 2506 legatione
561 2450 577 2486 a
590 2451 651 2504 rege
662 2432 740 2486 missa
753 2431 788 2487 ad
800 2433 968 2507 Philippum,
979 2435 1139 2508 Burgundio
1156 2434 1253 2490 ducem
1260 2460 1268 2506 ;
1282 2451 1308 2492 et
1325 2439 1430 2495 comitis

402 2515 439 2592 de,
456 2515 602 2581 Clarolos's,
623 2514 672 2569 lilii
688 2515 745 2582 sui,
760 2534 852 2569 eoram
870 2531 945 2590 patre
963 2536 1012 2572 sno
1028 2519 1212 2585 accusatione,
1230 2519 1365 2591 ipsiusque
1382 2521 1430 2575 lilii

402 2595 574 2668 responsione
583 2607 662 2667 atque
674 2593 836 2650 defensione.
1363 2605 1364 2608 ’

416 2782 496 2849 Non
513 2775 629 2874 multo
644 2790 739 2874 post,
759 2778 904 2852 mittens
921 2803 981 2850 rex
998 2778 1214 2875 legationem
1231 2781 1430 2858 solemnem

367 2895 414 2969 ad
435 2893 565 2966 ducem
585 2893 826 2988 Burgundiae⁸,
846 2917 990 2966 omnem
1012 2895 1222 2969 insidiarum
1236 2907 1273 2968 et
1284 2896 1360 2969 doli
1374 2924 1432 2992 su·

368 3011 566 3110 spinionem
587 3005 724 3080 diluere
739 3006 950 3081 conabatur.
968 3013 1126 3084 Fuerunt
1146 3013 1183 3086 in
1197 3035 1240 3085 ea
1253 3012 1431 3110 legatione

367 3152 489 3201 comes
510 3126 555 3197 de
575 3127 704 3220 Augo⁵‚
727 3125 1019 3225 archiepiscopus
1039 3127 1297 3202 Narbonensis⁸
1315 3144 1350 3203 et
1367 3155 1432 3205 ve-

368 3242 536 3317 nerabilis
562 3243 635 3332 vir,
665 3240 837 3314 dominus
864 3246 988 3314 Petrus
1013 3244 1059 3316 de
1091 3244 1298 3338 Morvillter,
1323 3271 1433 3345 quem

368 3359 620 3433 cancellarium
634 3357 788 3429 Franciae
801 3359 1046 3452 constituerat,
1065 3376 1188 3434 amoto
1205 3361 1354 3460 alioqui
1369 3361 1433 3435 diu
1548 3453 1551 3468 μ

368 3476 406 3547 in
424 3498 469 3546 eo
483 3473 603 3548 officio
618 3473 818 3546 servivisset
830 3473 923 3572 patri
937 3477 1032 3547 suo⁸.
1050 3480 1116 3550 Per
1132 3500 1195 3549 eos
1213 3477 1321 3576 igitur
1339 3477 1433 3575 lega·

409 3694 440 3750 l.
462 3689 558 3748 Plutdt
576 3693 713 3766 Insulam,
730 3688 817 3751 Lille.

410 3783 440 3841 2.
463 3781 621 3857 comparer
641 3779 667 3838 le
688 3778 758 3838 reeit
778 3778 845 3838 bien
859 3777 925 3857 plus
941 3790 1026 3839 exact
1046 3776 1082 3838 de
1104 3781 1233 3862 Georges
1256 3779 1432 3842 Chastellain

368 3875 438 3946 (111⁸
449 3868 554 3951 partie,
568 3868 616 3930 cb.
631 3871 745 3942 xmx).

413 3965 443 4024 3.
467 3965 546 4018 Dans
562 3958 604 4018 les
618 3957 759 4039 premiers
770 3957 852 4032 jours
865 3957 903 4017 de
916 3956 1076 4018 novembre
1093 3961 1183 4018 lttt.

399 4055 441 4112 'l.
465 4049 583 4111 Churles
600 4047 738 4122 d’Artois,
753 4059 847 4106 comte
864 4047 948 4106 d'Eu.

413 4143 443 4202 tt.
465 4137 567 4200 C’etait
582 4157 623 4197 un
636 4135 785 4198 Normand
799 4136 902 4216 appele
917 4133 1040 4195 Antoine
1052 4135 1093 4195 du
1107 4135 1316 4216 Ber-Crespin,

413 4229 442 4286 li.
466 4230 539 4305 Voy.
557 4223 713 4298 ci·dessus‚
726 4244 756 4305 p.
773 4227 823 4286 tt.
