3402 5186
633 529 743 588 LIBER
762 529 911 587 PRIMUS.
1259 534 1297 590 tt

245 663 364 752 batur,
382 660 571 756 statimque
583 682 603 729 a
617 658 798 731 Ludovico
810 657 939 756 regalia
950 685 1013 756 per
1024 674 1138 732 totum
1150 685 1298 756 regnum

244 776 412 850 mandata
436 789 702 872 processerunt,
728 775 927 845 intimantia
951 774 1103 869 qualiter
1122 800 1183 846 rex
1207 781 1299 848 Hen·

244 893 318 965 rico
348 906 383 962 et
411 891 540 985 reginae
570 889 720 986 praelatis
751 889 880 962 auxilia
908 891 1015 960 totius
1044 892 1142 984 regni
1168 891 1300 964 viribus

244 1021 407 1107 prastare
426 1019 461 1078 et
476 1005 609 1076 bellurn
630 1004 797 1076 Edoardo
819 1005 948 1076 inferre
963 1004 1192 1093 decernebat,
1213 1033 1302 1106 prae·

245 1121 411 1222 cipiendo
427 1121 594 1192 omnibus
611 1122 710 1218 regni
723 1120 943 1219 principibus
957 1135 991 1192 et
1004 1123 1158 1193 vassallis
1169 1147 1210 1194 ac
1221 1123 1303 1195 sub·

245 1237 327 1308 ditis
339 1236 624 1333 quibuscumque
636 1248 670 1306 et
683 1236 938 1332 cujuscumque
950 1249 1058 1308 status
1074 1252 1135 1308 aut
1147 1231 1303 1310 eminen-

246 1355 299 1425 tiae
324 1353 458 1442 forent,
479 1367 655 1448 quatenus
680 1351 814 1422 eisdem
834 1351 909 1444 regi
936 1351 1089 1422 Henrico
1117 1366 1152 1423 et
1176 1355 1304 1451 reginae

244 1491 462 1564 suarumque
488 1465 685 1539 fautoribus
715 1481 749 1537 et
778 1465 1010 1537 sectatoribus
1038 1469 1193 1564 partium
1224 1493 1302 1540 om-

245 1607 328 1654 nem
346 1583 505 1655 savorem
529 1603 709 1676 omneque
731 1578 962 1678 humanitatis
986 1604 1027 1652 ac
1048 1580 1303 1656 benevolentias

246 1696 403 1769 officium
434 1696 661 1789 exhiberent5
694 1696 729 1766 in
762 1695 967 1768 Edoardum
1005 1711 1145 1790 autem,
1176 1723 1303 1770 eorum

245 1810 386 1884 hostem
409 1828 444 1885 et
460 1814 558 1908 regni
575 1813 776 1884 invasorem
800 1826 906 1908 atque
923 1827 1174 1910 occupatorem
1195 1814 1305 1910 injus-

247 1942 342 2018 tum,
378 1927 629 2023 studiososque
661 1941 696 1997 et
725 1926 927 1999 defensores
957 1951 1101 1999 suarum
1127 1930 1302 2027 partium,

247 2046 370 2115 omnia
391 2044 537 2115 velutin
562 2043 699 2114 hostem
720 2060 882 2141 gererent
904 2058 1011 2141 atque
1029 2061 1243 2118 exercerent.
1264 2051 1306 2116 Et

245 2158 316 2230 hoc
330 2159 474 2255 quidem
491 2158 602 2229 modo
616 2157 733 2230 verbis
746 2174 851 2256 atque
863 2160 1057 2254 mandatis,
1072 2161 1222 2259 praelatis
1234 2163 1306 2258 regi

246 2275 401 2346 Henrico
425 2289 460 2345 et
484 2274 558 2368 ejus
580 2273 745 2368 conjugi,
765 2273 955 2370 dupliciter
970 2276 1042 2345 suis
1058 2276 1303 2366 consobrinis,

247 2414 308 2462 rex
325 2396 543 2462 Francorum
561 2388 763 2460 Ludoricus
776 2389 905 2461 auxilia
916 2404 950 2460 et
964 2392 1087 2463 solatia
1100 2391 1249 2483 serebat3
1266 2418 1305 2465 re

247 2521 366 2578 autem
393 2507 488 2604 ipsa,
517 2504 605 2600 quid
630 2503 751 2574 animo
770 2505 930 2598 gestiret,
959 2529 1111 2600 quamve
1138 2522 1305 2578 constans

246 2622 284 2692 in
300 2622 402 2693 dictis
414 2621 665 2720 promissaeque
682 2618 766 2691 fidei
781 2634 884 2693 tenax
903 2636 1010 2710 esset,
1029 2636 1170 2693 secutus
1185 2647 1304 2693 rerum

247 2737 480 2809 manifestavit
498 2750 659 2808 eventus.

294 2857 377 2924 Erat
401 2865 478 2925 turn
504 2877 523 2924 e
551 2853 631 2947 luga
655 2867 691 2923 et
714 2851 857 2923 latebris
880 2853 1049 2948 (quibus,
1069 2853 1188 2924 surore
1213 2855 1304 2950 regis

247 2969 431 3064 saeviente,
451 2993 526 3042 sese
545 2966 709 3040 occulere
730 2991 872 3040 necesse
893 2967 1087 3064 babuerat)
1104 2969 1304 3065 quomodo-

246 3107 398 3182 cumque
414 3085 661 3158 reconciliatus
678 3099 843 3155 strenuus
860 3086 977 3175 miles,
995 3086 1161 3157 dominus
1179 3090 1303 3158 Petrus

247 3195 293 3269 de
307 3198 411 3270 Brez'r'
420 3255 429 3290 ,
450 3201 496 3272 de
515 3223 589 3295 quo
608 3222 715 3296 supra
730 3200 984 3272 meminimus¹.
1004 3206 1106 3272 Hunc
1124 3200 1302 3298 perditum

247 3313 288 3385 iri
306 3317 453 3415 cupiens
479 3340 555 3404 rex,
578 3315 680 3412 quasi
707 3315 778 3386 suis
796 3313 1020 3387 consobrinis
1040 3317 1155 3388 valida
1173 3317 1302 3389 auxilia

247 3433 535 3520 transmissurus,
566 3431 725 3525 trajicere
752 3431 789 3501 in
818 3432 974 3502 Scotiam
996 3433 1121 3526 jussit3
1147 3433 1208 3503 sed
1236 3457 1302 3504 nec

247 3548 395 3621 classem
406 3550 451 3639 ei,
468 3572 535 3620 nec
548 3547 708 3618 militiam
722 3547 892 3644 aliquam,
907 3571 968 3618 seu
983 3547 1237 3643 colligendam,
1257 3549 1303 3621 ad

246 3664 423 3760 stipendia
443 3661 616 3734 militibus
633 3661 812 3748 facienda,
829 3661 1017 3760 pecuniam
1031 3661 1185 3758 aliquam
1204 3665 1304 3734 mini·

248 3780 397 3851 stravit¹.
415 3784 505 3851 Cum
521 3804 605 3851 vero
627 3778 687 3851 tali
708 3802 855 3850 munere
870 3777 933 3872 (sic
951 3778 1167 3876 imparatum
1182 3804 1304 3851 neces·

287 4006 316 4060 l.
339 4002 501 4079 (li-dessus,
516 4024 546 4081 p.
563 4011 591 4065 5.

288 4097 318 4154 2.
341 4095 364 4152 ll
380 4107 422 4153 est
436 4093 597 4165 demontre,
613 4115 666 4173 par
682 4113 722 4152 un
735 4103 797 4151 acte
812 4092 850 4151 du
863 4094 965 4152 Tresor
979 4094 1030 4154 des
1041 4093 1160 4154 Chartes
1174 4099 1217 4170 (J.
1231 4097 1304 4171 648,

247 4203 277 4242 n.
296 4187 349 4260 2),
366 4183 436 4261 qu'il
453 4186 534 4261 prata
551 4186 589 4242 20
604 4187 662 4242 000
679 4182 784 4252 livrcs,
804 4180 874 4239 dont
889 4183 981 4242 Calais
996 4183 1093 4242 devait
1106 4187 1167 4244 dtre
1183 4184 1210 4242 le
1224 4203 1305 4264 gage.
1365 4181 1367 4185 ’

246 4273 398 4346 Michelet,
414 4277 538 4332 Histoire
552 4275 589 4329 de
602 4277 726 4346 staura,
741 4282 762 4329 t.
778 4273 828 4346 Vl,
844 4292 875 4350 p.
891 4274 939 4330 at.

406 4401 434 4440 ιι
795 4422 802 4446 .
1127 4383 1145 4438 l
