3322 5172
601 521 711 578 arnan
744 520 916 593 anrus.
1232 524 1290 580 aas

229 650 487 751 impendebant
508 652 666 744 favores,
693 651 825 726 damna
841 653 1091 752 hujuscemodi
1105 653 1290 730 Sabaudiae

227 768 437 842 intulerunt.

583 1028 840 1099 CAPlTULUM
870 1031 937 1098 'lll.

300 1233 455 1299 procem,
467 1232 655 1290 condemnatio
669 1245 696 1288 et
706 1233 839 1288 exsecutio
850 1232 879 1286 in
892 1231 1016 1288 comitem
1026 1232 1218 1300 Sancti-Perdi,

560 1316 798 1370 conestabularium
809 1315 927 1370 Francia
937 1316 958 1369 ¹.

280 1493 392 1562 Porro
404 1489 545 1562 silentio
557 1487 845 1590 praetereundum
860 1501 936 1563 non
953 1491 1037 1580 erit,
1059 1492 1148 1591 quid
1164 1493 1210 1567 de
1226 1517 1288 1566 co·

231 1605 315 1678 mite
332 1606 588 1697 Sancti-Pauli,
611 1620 802 1710 postquam
819 1608 856 1679 in
876 1631 958 1682 suas
977 1633 1104 1681 manus
1124 1608 1288 1682 devenis-

229 1733 299 1812 set,
327 1723 546 1793 Francorum
569 1749 629 1796 rex
654 1722 833 1821 agendum
860 1723 1071 1796 decreverit.
1098 1724 1290 1798 Restitutus

229 1860 359 1934 nempe
374 1860 396 1909 a
411 1835 504 1910 duce
520 1838 835 1937 Burgundionum,
858 1853 898 1911 ut
920 1839 1099 1930 diximus,
1118 1839 1219 1937 jussu
1235 1866 1290 1913 re-

118 1953 121 1962 ’
230 1954 281 2051 gis
293 1951 361 2024 sub
377 1953 499 2026 solerti
516 1956 679 2028 custodia
693 1956 844 2028 Parisios
862 1955 1039 2028 adductus
1055 1969 1129 2046 est,
1149 1981 1290 2055 proces-

230 2084 477 2168 suquecontra
494 2097 579 2144 eum
596 2073 678 2145 satis
694 2074 887 2146 summarie
899 2071 1024 2146 habito
1037 2073 1074 2145 in
1089 2074 1188 2145 curia
1206 2077 1290 2147 Par·

228 2185 375 2258 lamenti
389 2186 490 2283 (narn
506 2189 582 2285 ejus
604 2189 754 2262 crimina
776 2188 1024 2288 proditionum
1046 2204 1154 2288 atque
1173 2191 1289 2280 varia·

229 2325 309 2374 rum
326 2301 580 2401 perfidiarum,
599 2319 676 2376 tum
691 2329 734 2376 ex
747 2304 820 2376 suis
838 2302 1139 2395 confessionibus,
1159 2318 1237 2376 tum
1254 2319 1289 2376 et

229 2442 294 2516 per
314 2418 447 2490 litteras
464 2419 572 2516 signis
593 2420 665 2491 suis
686 2443 728 2491 ac
746 2417 866 2516 sigillis
884 2419 1143 2508 communitas,
1159 2433 1194 2493 et
1211 2419 1287 2492 aliis

228 2533 354 2608 validis
371 2536 596 2609 documentis
606 2536 701 2608 illico
714 2533 913 2634 approbata
929 2534 1035 2606 luisse
1050 2532 1284 2631 ferebantur),

229 2651 370 2752 capitali
393 2653 587 2745 sententia,
615 2666 786 2750 tanquam
809 2650 901 2746 regis
926 2664 962 2722 et
982 2650 1082 2746 regni
1107 2649 1284 2749 proditor,
1362 2669 1366 2682 ·

229 2765 416 2840 damnatus
432 2782 486 2841 est
502 2793 567 2868 per
586 2767 838 2842 cancellarium
861 2766 998 2863 regium
1007 2767 1031 2855 ¹,
1054 2791 1163 2863 quem
1180 2765 1287 2863 hujus

228 2883 279 2954 rei
300 2885 428 2981 gratia,
449 2899 489 2956 ut
506 2883 584 2980 ejus
603 2883 859 2956 condemnatio
880 2880 1057 2954 celebrior
1081 2880 1281 2976 duceretur,

228 3025 290 3072 rex
316 3001 465 3074 Parisios
487 3002 609 3075 venire
633 3015 667 3074 et
690 3002 726 3073 in
753 3024 819 3072 suo
846 3001 1072 3074 Parlamento
1096 2999 1284 3098 praesidere

228 3115 400 3189 voluerat.

277 3237 474 3312 Damnatus
490 3250 630 3329 autem,
652 3258 674 3307 a
692 3232 877 3308 nonnullis
895 3230 1052 3305 dominis
1068 3229 1115 3303 ad
1135 3229 1202 3303 boc
1222 3229 1287 3305 de·

229 3349 361 3449 putatis
379 3363 416 3421 et
438 3349 589 3423 tribunis
606 3349 782 3444 militum,
802 3372 932 3447 magna
949 3347 1056 3420 etiam
1074 3346 1228 3420 militnm
1244 3373 1286 3423 ac

227 3465 361 3538 civium
378 3465 568 3537 comitatus
584 3479 748 3555 caterva,
771 3489 856 3537 cum
876 3461 1044 3535 omnibus
1066 3459 1225 3560 insigniis
1247 3465 1288 3538 il·

228 3581 296 3654 lius
312 3579 421 3653 officii
440 3605 481 3653 ac
504 3580 702 3680 dignitatis,
731 3603 841 3680 quam
866 3578 1152 3669 administrarat,
1178 3594 1285 3680 atque
1309 3573 1313 3582 ’

229 3711 357 3795 torque
374 3696 498 3794 regia⁸,
517 3721 627 3794 quam
643 3695 801 3794 gestabat
817 3695 863 3768 ad
883 3694 1029 3789 collum,
1049 3697 1139 3800 satis,
1151 3697 1287 3793 magni·

228 3811 294 3886 fiee
322 3827 495 3905 ornatus,
525 3813 571 3888 ad
603 3812 725 3884 locum
749 3809 914 3910 supplicii
940 3825 993 3883 est
1017 3809 1213 3905 deductus,
1241 3812 1287 3884 ad

268 3997 297 4054 l.
320 3993 456 4074 Chapitre
469 3992 604 4074 imprime
621 4012 657 4053 eu
676 3991 768 4076 partie
786 3991 858 4052 dans
876 3991 917 4052 les
935 3996 1098 4068 Meslanges
1115 3993 1233 4051 curiana
1252 3991 1289 4052 de

227 4081 360 4162 Philippe
379 4082 489 4158 Labbe,
504 4103 534 4162 p.
553 4085 622 4146 710.

268 4175 297 4235 2.
322 4173 420 4235 Pierre
435 4173 584 4236 d’Oriolle.
809 4245 811 4253 ⁴

269 4265 297 4322 3.
320 4267 361 4322 le
376 4263 478 4323 collier
491 4263 528 4325 de
540 4263 648 4325 l'ordre
662 4265 699 4324 de
713 4263 922 4325 siim-nichel.
