3282 5168
414 577 472 634 ato
684 557 1232 658 ursaomlnuununovrnxr

461 712 551 781 Cum
579 707 688 803 igitur
717 707 913 805 imperator
940 718 1032 776 esset
1058 701 1236 793 Coloniae,
1259 699 1336 802 qui
1364 729 1407 777 ex
1434 729 1471 776 se

411 824 526 898 nullas
552 824 674 924 copias
701 823 911 912 advexerat,
941 819 1005 894 sed
1029 819 1267 893 domesticam
1298 820 1471 895 duntaxat

408 943 579 1017 familiam
601 965 716 1032 suam,
735 964 886 1038 magnus
907 961 1105 1012 concursus
1122 962 1164 1009 ex
1186 952 1263 1011 tota
1280 939 1472 1011 Germania

409 1057 522 1132 factus
540 1074 595 1132 est
608 1081 804 1130 armorum.
825 1060 916 1128 Nam
932 1079 1058 1126 omnes
1076 1077 1175 1153 paene
1193 1056 1393 1128 Germaniae
1408 1056 1472 1128 im·

407 1174 558 1275 periales
576 1175 735 1246 civitates
751 1173 888 1272 copias,
915 1174 1014 1269 quae¹
1032 1169 1102 1242 sibi
1114 1172 1302 1269 ¹imperatae
1318 1171 1468 1262 fuerant,

407 1277 687 1364 transmiserant.
725 1287 971 1362 adventarunt
1005 1289 1113 1360 etiam
1143 1311 1228 1359 cum
1262 1288 1471 1361 exercitibus

407 1409 501 1502 suis,
536 1421 691 1507 quantos
720 1405 886 1503 colligere
918 1419 1112 1504 potuerant
1123 1421 1139 1496 ,'
1166 1404 1255 1476 alter
1289 1407 1471 1478 Saxonum

408 1520 509 1617 dux',
535 1521 695 1596 marchio
714 1520 914 1614 Badensis³,
937 1520 1155 1616 lantgravius
1175 1520 1328 1612 llassiae,
1355 1519 1470 1593 archi·

408 1640 568 1740 episcopi
587 1640 816 1737 Mogontinus
832 1652 868 1710 et
881 1637 1107 1709 Treverensis
1134 1651 1169 1708 et
1189 1638 1379 1736 episcopus
1395 1641 1471 1710 Μο-

408 1757 666 1845 ιιαεῑειίειιείε*,
687 1754 818 1853 aliique
834 1752 1067 1851 quamplures
1078 1753 1227 1824 comites
1244 1767 1281 1823 et
1297 1751 1469 1845 barones;

300 1941 302 1946 .
409 1897 451 1944 cx
475 1894 631 1971 quorum
654 1877 834 1945 concursu
860 1869 1038 1942 conflatus
1057 1884 1111 1942 est
1126 1893 1342 1943 numerosus
1362 1871 1472 1968 magis

409 2013 519 2087 quam
535 1986 715 2060 verendus
740 1986 926 2065 exercitus.
959 1984 1146 2058 lactabant
1165 1984 1397 2084 quamplures
1412 2011 1473 2059 eos

410 2105 603 2179 ascendere
617 2103 664 2176 ad
675 2119 823 2176 centum
831 2103 1091 2201 quinquaginta
1107 2100 1230 2192 millia,
1248 2101 1308 2174 alii
1320 2101 1367 2175 ad
1379 2101 1470 2202 plus,

389 2221 468 2292 ,alii
488 2217 534 2293 ad
561 2219 670 2318 longe
694 2219 844 2291 minus:
874 2217 975 2316 quod
994 2216 1220 2290 verisimilius
1244 2218 1470 2291 aestimamus.

408 2335 478 2409 Sed
506 2350 582 2409 esto
614 2350 707 2408 esset
732 2359 904 2408 numerus
932 2335 1163 2433 quantumvis
1193 2358 1368 2432 magnus,
1400 2349 1475 2408 erat

411 2469 529 2526 tamen
545 2451 737 2526 multitudo
751 2451 900 2524 collecta
917 2476 961 2523 ex
976 2452 1070 2548 agris
1083 2465 1119 2524 et
1132 2449 1178 2524 de
1190 2453 1312 2524 otiosis
1329 2453 1474 2526 mecha·

392 2563 500 2642 ¹nicis
514 2569 700 2641 civitatum
714 2568 926 2657 Germaniae,
946 2569 1010 2664 qui
1035 2567 1125 2665 gulae
1152 2582 1188 2639 et
1206 2567 1322 2640 ventri
1347 2568 1472 2663 dediti,

410 2707 593 2783 cauponas
615 2697 651 2756 et
673 2682 879 2782 lupanaria,
906 2683 1026 2780 potius
1052 2704 1162 2782 quam
1190 2681 1325 2754 militiae
1346 2697 1473 2778 castra,

317 2876 321 2885 ,
412 2799 639 2900 frequentare
661 2812 910 2884 assueverant,
947 2811 1010 2870 aut
1032 2823 1070 2871 se
1100 2799 1137 2874 in
1162 2799 1271 2872 armis
1296 2824 1473 2875 exercere.

414 2927 524 2996 Erant
547 2924 645 2996 enim
671 2923 833 3021 plerique
855 2919 1033 3014 inermes,
1058 2935 1121 2997 ant
1150 2921 1281 2996 talibus
1313 2921 1479 2997 instructi

412 3041 534 3135 armis,
552 3065 631 3139 quae
649 3041 769 3138 lugam
788 3039 908 3145 potius
929 3038 987 3110 vel
1001 3054 1185 3112 cruentam
1202 3039 1349 3133 cadem,
1366 3065 1479 3140 quam

412 3158 612 3250 victoriam,
628 3155 679 3227 eis
702 3152 1101 3254 pollicerividerentur3
1121 3156 1305 3230 nonnullis
1320 3159 1480 3259 exceptis

413 3273 612 3374 equitibus,
645 3296 737 3370 quos
768 3271 948 3373 principes
980 3296 1101 3346 secum
1134 3272 1381 3368 adduxerant,
1415 3277 1481 3376 qui

413 3523 450 3585 de
462 3524 552 3584 Louis
566 3527 619 3583 x1.
637 3521 760 3604 Lenglet
776 3525 840 3584 Dus
836 3543 953 3603 resnoy,
970 3525 1021 3605 qui
1034 3545 1052 3585 a
1067 3523 1167 3605 public
1182 3525 1225 3587 les
1240 3526 1335 3607 places
1353 3528 1391 3588 de
1404 3541 1482 3590 cette

413 3613 596 3696 negociation
609 3618 785 3689 (Commium,
810 3627 831 3675 t.
854 3619 909 3687 111,
929 3637 959 3696 p.
977 3619 1036 3676 459
1055 3626 1084 3675 et
1105 3616 1276 3694 minantes),
1292 3618 1369 3678 lesa
1392 3619 1483 3681 mites

414 3710 432 3765 a
447 3717 504 3765 tort
518 3708 536 3764 a
549 3705 578 3766 la
594 3703 659 3764 date
679 3703 716 3765 de
733 3708 823 3776 1475,
837 3725 876 3765 ne
896 3718 1083 3785 remarquant
1100 3726 1153 3786 pas
1171 3726 1211 3786 qu
1213 3707 1293 3768 ’elles
1312 3723 1483 3788 portentae

414 3795 566 3856 millesime
580 3794 652 3854 dans
664 3793 708 3854 les
726 3795 897 3878 originaux,
911 3815 997 3874 parce
1011 3816 1068 3874 que
1082 3796 1100 3854 l’
1104 3817 1192 3878 usage
1206 3796 1243 3857 de
1257 3795 1274 3856 l'
1278 3799 1423 3878 Empire'
1411 3799 1485 3860 etait

413 3885 450 3946 de
466 3903 648 3946 commencer
662 3883 681 3942 l'
684 3903 775 3944 annae
790 3887 807 3942 a
820 3884 903 3944 Noiil.

412 3981 483 4036 l.
509 3974 785 4052 Quasdanslems.

452 4069 484 4131 Ω.
504 4068 530 4127 Il
546 4065 657 4146 yavait
674 4063 751 4123 deux
772 4062 843 4124 duca
863 4063 901 4123 de
923 4069 1009 4128 Saxa.
1035 4063 1213 4144 Ils'cgstici
1232 4063 1273 4124 du
1290 4061 1347 4124 duc
1363 4067 1484 4148 Emesa,

415 4157 541 4218 electeur
557 4169 586 4216 et
599 4153 746 4214 marechal
760 4153 800 4214 du
812 4152 909 4214 Saint-
893 4154 1037 4233 -Empire

456 4251 484 4308 3.
507 4244 636 4320 charles,
654 4261 807 4324 margiane
821 4242 858 4302 de
873 4243 962 4302 Bade

452 4340 482 4396 4.
506 4334 651 4414 L’eveque
666 4333 702 4392 de
719 4337 860 4406 liaustu,
875 4331 989 4392 conrad
1009 4331 1045 4391 de
1059 4329 1207 4411 llietperg.
