3384 5184
627 561 738 621 LIBER
757 563 960 624 SECUNDUS.
1269 563 1326 622 169

267 694 412 793 longam
435 693 769 792 pervestigationem
798 692 994 788 fecissent,
1038 694 1263 788 retulerunt,
1293 708 1329 766 et

266 809 395 882 similia
406 807 601 907 aliquando
614 809 706 881 facta
722 807 840 899 luisse,
857 823 892 880 et
905 808 941 880 id
955 810 1036 906 jure
1052 827 1159 909 atque
1172 809 1328 908 legitime

265 947 372 1024 posse
388 923 479 996 lieri.

316 1043 403 1127 Quae
427 1065 511 1113 cum
531 1042 578 1113 ita
599 1039 746 1140 praesato
767 1038 893 1111 illustri
919 1042 1042 1114 comiti
1066 1040 1214 1113 luissent
1232 1066 1327 1114 nun-

267 1155 363 1247 tiata,
382 1170 418 1227 et
433 1181 498 1254 per
514 1155 716 1254 frequentes
739 1180 823 1228 eum
840 1155 1008 1254 epistolas
1025 1169 1062 1228 et
1084 1157 1230 1228 nuntios
1249 1211 1259 1246 ,
1288 1169 1328 1227 ut

265 1269 313 1342 ad
327 1268 364 1341 id
380 1271 598 1358 intenderet,
618 1298 692 1344 non
710 1272 890 1344 omitteret
906 1269 1004 1370 [rex]
1026 1270 1229 1363 sollicitare,
1247 1270 1327 1344 dul·

266 1387 406 1459 sissima
434 1411 575 1487 semper
597 1403 633 1461 et
658 1390 767 1461 totius
791 1387 1049 1460 benevolentiae
1074 1386 1201 1488 plena,
1230 1387 1327 1460 filiali

211 1548 213 1556 ‚
265 1527 350 1575 eum
383 1504 620 1602 appellatione
652 1506 893 1605 compellans,
923 1504 1054 1578 talibus
1092 1506 1239 1578 allectus
1268 1519 1324 1598 et,

265 1619 460 1693 reluctante
481 1621 562 1693 licet
583 1621 855 1719 quodammodo
881 1623 1026 1708 animo,
1052 1636 1269 1720 provocatus
1292 1636 1328 1694 et

266 1760 472 1836 persuasus,
499 1739 545 1811 ad
561 1738 772 1836 hujusmodi
789 1738 980 1811 initiendas
1004 1753 1039 1810 et
1063 1736 1329 1810 contrahendas

266 1855 409 1952 nuptias
425 1854 602 1930 solemnes
617 1855 771 1952 legatos,
790 1854 922 1926 idonea
944 1853 1108 1928 suffultos
1127 1867 1323 1953 potestate,

267 1967 314 2041 ad
329 1994 451 2066 regem
467 1971 669 2061 destinavit,
684 1971 777 2044 circa
794 1970 882 2044 illud
896 1987 1038 2069 tempus
1050 1995 1123 2070 quo
1137 1969 1184 2044 ad
1196 1971 1328 2042 Dinan-

267 2097 345 2157 tum
357 2086 636 2184 expugnandum
653 2088 801 2159 transire
817 2084 1027 2186 adparabat.
1100 2173 1103 2179 Ι

538 2469 542 2476 .
586 2415 851 2486 'CAPITULUM
883 2416 990 2484 XVll.

290 2621 330 2673 De
341 2617 430 2673 reditu
442 2631 468 2673 et
478 2618 648 2692 expeditione
656 2618 843 2692 praedictorum
855 2592 1001 2691 legatorum
1014 2631 1040 2672 et
1049 2617 1157 2672 Dinanti
1169 2617 1304 2672 excidin¹.

317 2801 359 2868 Et
373 2797 463 2869 nihil
473 2798 595 2896 utique
604 2796 807 2894 ambigebat
824 2797 908 2892 (nec
925 2796 1025 2869 aliud
1042 2795 1116 2868 ullo
1132 2810 1239 2894 paeto
1255 2820 1329 2868 sus·

266 2913 378 3012 picari
399 2927 541 3013 poterat
563 2913 661 2986 idern
681 2937 815 3005 comes,
840 2912 983 2984 attentis
1005 2935 1072 3010 pro
1092 2934 1135 2983 ea
1157 2935 1197 2983 re
1217 2924 1273 2983 tot
1295 2925 1329 2983 et

266 3029 397 3102 totiens
409 3055 472 3129 per
483 3055 605 3129 regem
614 3027 960 3103 commonitionibus
970 3043 1005 3099 et
1016 3024 1329 3100 adhortationibus

267 3146 469 3245 repetitis),
488 3148 577 3245 quin
595 3146 687 3242 jam·
701 3145 747 3218 ad
765 3144 1072 3245 complementum
1089 3157 1123 3214 et
1139 3141 1328 3240 perfectio-

266 3289 350 3337 nem
386 3289 442 3336 res
472 3266 549 3364 ipsa
582 3263 731 3365 perduci
764 3262 900 3360 absque
927 3261 1139 3334 difficultate
1166 3257 1325 3332 deberet.

266 3380 354 3453 Sed³
371 3406 456 3453 curn
472 3380 571 3456 ducti
588 3382 642 3453 sui
662 3380 768 3476 legati
785 3379 831 3453 ad
849 3377 969 3452 locum
989 3377 1051 3450 ubi
1069 3403 1131 3450 rer
1150 3391 1226 3449 tum
1243 3400 1325 3475 age·

266 3607 343 3668 pour
356 3585 454 3648 savoir
467 3585 492 3646 si
507 3605 547 3644 un
561 3603 614 3666 roy
629 3583 665 3644 de
678 3587 788 3643 Franoe
802 3585 924 3663 pouvoit
940 3583 1053 3644 donner
1067 3603 1103 3644 en
1119 3584 1249 3664 mariage
1265 3586 1282 3642 ὲ
1298 3603 1329 3643 sa

266 3677 325 3736 lille
339 3675 470 3735 lesdictes
483 3675 582 3741 contis
596 3687 624 3733 et
637 3674 680 3732 les
693 3685 770 3732 oster
785 3676 801 3731 l
815 3673 843 3731 la
856 3693 1015 3732 couronne.
1036 3699 1048 3727 ι»
1067 3681 1077 3744 l
1083 3679 1250 3747 Memor'res,
1265 3673 1285 3732 l.
1301 3677 1327 3744 Ι,

266 3765 313 3824 ch.
329 3768 433 3839 xxxv.)
452 3769 571 3826 Comme
587 3763 714 3822 Thomas
730 3761 818 3820 Rasin
832 3781 850 3819 a
867 3762 939 3820 ecrit
958 3763 1050 3822 moins
1064 3763 1229 3842 longtemps
1244 3762 1329 3839 apres

267 3853 309 3914 les
329 3853 515 3912 &venements
534 3864 564 3910 et
582 3851 652 3930 qu’il
671 3849 740 3908 etait
762 3852 778 3907 l
799 3849 827 3908 la
845 3870 916 3909 cour
936 3852 972 3911 de
989 3855 1162 3933 Bourgogne
1184 3871 1221 3912 en
1237 3853 1327 3924 ll66,

267 3961 321 4002 son
342 3941 523 4021 temoignage
542 3941 614 4000 ollre
631 3940 697 4018 plus
716 3937 753 3998 de
771 3939 914 4019 garanties
931 3940 1133 4012 d'exaetitude‚
1152 3953 1215 4000 tout
1227 3939 1328 4019 singu-

267 4037 321 4096 lier
332 4035 403 4115 qn‘il
418 4048 460 4094 est
475 4039 563 4113 qu'on
580 4034 636 4094 soit
650 4033 706 4092 alle
720 4033 744 4092 si
763 4031 826 4090 tard
842 4052 899 4093 aux
913 4035 1169 4116 renseignements.

308 4131 337 4186 l.
357 4124 492 4204 Chapitre
507 4122 605 4202 publie
620 4121 691 4180 dans
706 4120 910 4196 l’Amplr'ssr'ma
919 4129 1060 4198 collectio,
1078 4136 1098 4184 t.
1114 4127 1166 4205 tt,
1182 4121 1239 4183 ool.
1256 4125 1326 4183 tlt.

309 4223 339 4282 2.
364 4221 505 4292 Quoniam
519 4214 590 4274 dans
606 4214 634 4271 le
648 4233 701 4274 ms.

311 4313 338 4368 3.
362 4311 394 4368 Si
407 4305 479 4364 dans
494 4304 522 4363 le
535 4321 591 4362 ms.
