3282 5168
359 557 433 628 ,352
647 556 904 616 fflsroutslttttt
924 553 1103 614 Lunovtct
1123 554 1164 615 lll

377 701 552 782 quantum
564 654 665 787 ¹apud
682 713 787 782 eum,
807 703 884 759 tum
900 711 942 759 ex
959 687 1054 780 hoc,
1072 703 1150 762 tum
1168 713 1209 760 ex
1224 687 1302 761 aliis
1319 689 1439 761 multis

377 801 565 875 invaluerit
575 818 682 902 atque
693 805 867 902 patuerit,
885 828 927 875 ex
941 800 997 874 his
1005 855 1017 894 ,
1034 827 1113 902 quae
1127 803 1218 876 infra
1229 802 1435 897 referemus,

377 915 592 992 luculentius
608 917 809 1018 apparebit.

427 1039 566 1108 Interea
600 1051 720 1108 autem
754 1036 1003 1134 perseverabat
1035 1035 1330 1134 Burgundionum
1365 1034 1441 1107 dux

378 1165 461 1226 ante
479 1155 653 1228 Nussiam.
671 1152 741 1224 Sed
758 1176 840 1224 cunr
857 1153 1271 1252 imperatoragnovisset
1289 1157 1442 1223 Franco·

379 1298 460 1346 rum
473 1295 594 1370 regem
612 1296 632 1343 e
653 1272 813 1345 Picardia
830 1273 867 1346 in
884 1275 1143 1348 Normanniam
1158 1273 1364 1364 revertisse,
1388 1273 1441 1345 la·

380 1413 509 1486 maque
526 1413 609 1460 eum
624 1387 771 1460 minime
787 1390 913 1463 lateret
929 1389 975 1463 de
988 1415 1119 1487 magno
1134 1403 1308 1489 apparatu
1322 1389 1444 1462 classis

381 1519 417 1577 et
438 1528 644 1598 armorum,
663 1529 772 1602 quem
799 1507 993 1603 anglorum
1020 1531 1100 1597 rex,
1130 1507 1182 1578 uti
1203 1505 1379 1596 diximus,
1404 1507 1443 1576 in

383 1621 505 1719 anglia
521 1621 692 1714 faciebat,
712 1623 813 1718 cujus
829 1623 990 1720 trajectio
1009 1641 1046 1696 et
1061 1624 1236 1696 adventus
1258 1624 1304 1696 ad
1321 1624 1445 1698 littora

383 1741 553 1837 gallicana
587 1741 741 1839 proximi
770 1741 878 1812 futuri
904 1740 1027 1814 dietim
1050 1740 1329 1830 nuntiabantur,
1357 1760 1442 1840 pro-

382 1853 507 1930 clivior
531 1853 749 1929 reddebatur
774 1855 822 1928 ad
844 1879 971 1954 pacem
998 1879 1082 1928 curn
1107 1854 1200 1928 duce
1230 1855 1443 1951 Burgundiae

384 1972 669 2060 conciliandam,
689 1973 803 2042 sciens
821 1971 921 2068 quod
937 1971 984 2044 ad
1001 1972 1191 2045 ferendum
1216 1972 1335 2046 eidem
1359 1971 1443 2046 duci

384 2087 555 2160 auxilium
573 2101 698 2158 contra
721 2085 805 2157 suos
827 2086 949 2159 hostes
971 2086 1182 2184 hujusmodi
1209 2088 1390 2186 expeditio
1408 2102 1444 2159 et

384 2203 502 2276 classis
522 2203 707 2300 anglicana
728 2197 1072 2302 parabantur,'quae
1092 2219 1189 2276 tanta
1212 2219 1358 2302 tamque
1380 2228 1445 2276 nu·

327 2321 331 2328 '
386 2343 527 2392 merosa
540 2334 576 2391 et
591 2333 720 2420 potens
737 2314 830 2390 sama
848 2318 1042 2409 ferebatur,
1066 2335 1106 2392 ut
1127 2321 1255 2393 merito
1277 2319 1444 2392 formida·

384 2437 465 2511 bilis
479 2440 615 2514 cunctis
630 2437 795 2510 hostibus
809 2462 885 2510 esse
897 2437 1100 2530 videretur;
1115 2438 1308 2535 conjiciens
1322 2439 1442 2539 etiam,

387 2557 416 2629 si
433 2557 507 2656 ipse
527 2555 721 2654 Anglorum
748 2578 808 2625 rex
837 2554 874 2626 in
903 2553 1090 2626 Franciam
1112 2553 1321 2658 trajecisset,
1347 2566 1445 2626 tanta

388 2673 644 2774 impedimenta
660 2677 879 2744 Francorum
896 2671 971 2769 regi
987 2671 1062 2742 lore
1079 2671 1332 2769 praestiturum,
1347 2669 1444 2768 quod

388 2789 434 2862 ab
452 2815 495 2862 eo
512 2804 638 2863 contra
654 2787 951 2884 Burgundionum
970 2787 1100 2860 ducem
1115 2785 1264 2880 auxilia,
1283 2811 1364 2884 quse
1383 2785 1446 2864 ha.-

388 2904 548 2978 biturum
564 2930 602 2978 se
622 2902 840 2997 confideret,
864 2905 1012 2976 minime
1031 2902 1163 2976 habere
1184 2916 1318 3000 posset.
1346 2907 1446 2976 Parte

367 3023 370 3028 ’
390 3023 497 3096 etiam
513 3022 652 3115 exalia,
671 3021 845 3119 quoniam
863 3021 957 3092 inter
974 3019 1143 3092 eumdem
1164 3017 1292 3092 ducem
1311 3031 1347 3090 et
1363 3043 1447 3118 prar-

390 3138 503 3224 latum
526 3137 720 3235 Anglorum
743 3161 882 3234 regem,
902 3137 1082 3209 sororium
1098 3160 1218 3228 suurn,
1238 3135 1448 3208 condictum

391 3270 466 3330 erat
482 3254 581 3353 quod
589 3308 598 3343 ,
619 3277 727 3351 quam
741 3255 900 3353 primum
911 3253 958 3326 ad
970 3254 1141 3352 gallicana
1155 3254 1276 3326 littora
1291 3253 1449 3352 appulis·

392 3386 457 3464 set,
472 3370 539 3442 sibi
552 3369 699 3442 deberet
715 3369 787 3456 dux
804 3393 992 3445 occurrere
1008 3371 1042 3441 ei
1056 3370 1203 3467 aliisque
1218 3367 1285 3440 sibi
1301 3368 1449 3442 toedera-

393 3485 451 3574 tis,
462 3505 555 3579 quos
570 3481 607 3553 in
621 3481 780 3571 Francia,
799 3481 883 3554 licet
893 3480 942 3554 ob
952 3496 1087 3554 metum
1100 3482 1193 3578 regis
1204 3479 1323 3552 adhuc
1340 3481 1450 3554 laten-

395 3613 446 3672 tes
460 3612 496 3672 et
508 3597 689 3690 occultos,
703 3595 881 3686 habebat,
905 3598 1030 3672 solatia
1045 3596 1269 3694 praebitunrs,
1296 3599 1451 3670 multum

394 3714 619 3790 desiderabat
640 3729 676 3787 et
691 3715 879 3789 affectabat
895 3716 970 3815 ipse
987 3714 1060 3786 dux
1082 3739 1166 3786 cum
1183 3715 1400 3814 imperatore
1416 3729 1452 3786 et

395 3833 582 3905 Germanis
599 3831 712 3905 soedus
728 3845 926 3932 percutere,
940 3845 981 3902 ut
993 3830 1144 3904 honeste
1159 3844 1290 3904 actutu
1304 3855 1347 3902 ex
1366 3833 1451 3902 Nus·

395 3951 446 4024 sia
462 3948 662 4040 discedens,
680 3948 826 4047 praefato
837 3949 1032 4044 Anglorum
1047 3948 1123 4043 regi
1135 3947 1277 4042 suisque
1296 3946 1372 4018 aliis
1393 3947 1452 4022 soe·

388 4065 538 4156 derasis,
559 4089 638 4163 quae
656 4065 880 4163 promiserat,
900 4063 1118 4136 observaret.
