3272 5182
381 521 438 578 tec
653 491 1170 578 msromannunnnounxr

380 650 525 743 excidit,
545 651 687 724 vexavit
701 665 737 723 et
757 649 959 750 populavit,
979 663 1018 722 ut
1034 665 1257 724 commeatus
1270 675 1441 726 annonae·

379 790 450 864 qne
467 768 634 866 penuria,
652 791 728 839 non
754 765 866 848 modo
890 765 974 838 inde
998 767 1127 842 milites
1151 782 1187 840 et
1215 792 1355 866 regem,
1381 768 1445 842 sed

379 882 511 955 multos
537 885 644 955 etiam
669 907 711 954 ex
735 881 866 953 accolis
889 881 1012 979 patriae
1035 881 1207 957 excedere
1235 900 1270 958 et
1299 884 1369 958 alio
1397 885 1445 959 ad

246 1032 253 1047 ·
378 995 574 1096 pabulum,
595 1023 662 1097 pro
679 995 741 1071 illc
758 1021 873 1086 anno,
892 997 1148 1072 inveniendum
1172 997 1272 1072 abire
1294 1025 1447 1098 compu-

378 1114 480 1204 lerit,
507 1139 590 1186 cnm
619 1113 749 1186 famem
770 1111 860 1205 illic,
882 1111 975 1186 illins
1000 1113 1237 1211 expeditionis
1254 1116 1444 1188 occasione

380 1227 560 1322 obortam,
579 1228 732 1302 tolerare
749 1252 824 1301 non
843 1243 999 1327 possent.

390 1417 393 1424 ,
428 1349 518 1433 Quae
532 1370 616 1417 cum
635 1345 711 1416 sine
732 1344 850 1416 fructu
865 1344 1038 1418 dissoluta
1060 1361 1096 1418 ct
1116 1345 1283 1447 dissipata
1302 1347 1442 1441 fixisset,

379 1476 497 1535 aestate
512 1465 699 1560 sequente¹
715 1462 925 1555 ammiralis,
945 1462 1063 1536 dictus
1082 1464 1271 1552 Bastardus
1286 1463 1332 1536 de
1352 1469 1444 1536 Ror-

379 1579 511 1668 bonio,
530 1603 614 1650 cum
630 1578 712 1650 satis
730 1603 840 1677 parva
862 1603 973 1650 manu
993 1579 1190 1680 profligatis
1206 1579 1252 1654 de
1267 1585 1442 1655 Norman·

379 1699 439 1769 nia
465 1693 666 1767 Britcnibus
693 1695 776 1792 (qui
802 1719 839 1766 se
865 1694 975 1767 totius
1001 1696 1155 1792 regionis
1184 1696 1343 1796 populo,
1370 1698 1444 1770 suis

378 1809 645 1912 proditionibus
661 1824 696 1882 et
713 1809 920 1899 latrociniis,
936 1834 1063 1884 exosos
1079 1810 1340 1910 reddiderant),
1357 1813 1444 1884 eivi-

378 1939 467 1999 tates
482 1942 518 1999 et
532 1925 667 2024 oppida
683 1939 790 2021 atque
803 1948 919 2016 arces,
939 1949 1027 2023 quas
1042 1941 1252 2018 tenuerant,
1271 1925 1338 2002 sub
1351 1927 1444 2025 regis

379 2041 553 2114 ditionem
569 2040 669 2111 facile
686 2039 833 2135 redegit.

430 2163 605 2256 Vergente
627 2171 748 2230 autem
760 2172 795 2229 et
807 2159 1121 2259 appropinquante
1132 2157 1179 2232 ad
1192 2159 1370 2232 hiemem¹
1384 2157 1444 2233 illa

379 2289 510 2367 aestate,
526 2299 611 2346 curn
625 2273 803 2345 statuisset
816 2298 877 2346 rex
891 2272 987 2346 bello
1002 2289 1037 2347 et
1051 2275 1159 2348 armis
1172 2273 1239 2346 sibi
1256 2275 1444 2348 Britanniae

378 2408 489 2466 terras
515 2389 678 2487 subigere
704 2403 811 2486 atque
840 2413 1051 2486 germanum
1076 2415 1182 2462 suum
1207 2387 1279 2462 illic
1304 2390 1445 2464 delites·

379 2522 520 2580 centem
535 2506 613 2603 (qui
630 2494 771 2604 semper
790 2530 939 2602 magnos
955 2505 1022 2578 sibi
1039 2507 1186 2578 incussit
1202 2519 1319 2578 metus
1336 2521 1444 2604 atque

379 2607 627 2720 formidinem)
647 2620 715 2694 sub
735 2645 837 2694 suam
858 2622 1018 2719 redigere
1038 2636 1073 2694 et
1093 2621 1264 2695 reducere
1283 2636 1443 2720 potesta-

381 2753 471 2830 tem,
492 2737 539 2810 ad
556 2737 632 2811 illas
652 2736 899 2838 pervadendas
920 2751 1031 2809 terras
1054 2750 1163 2836 atque
1189 2737 1440 2836 occupandas,

378 2879 462 2928 curn
486 2877 615 2949 magna
641 2866 742 2952 parte
765 2877 911 2925 suarum
935 2852 1122 2950 copiarum
1145 2867 1262 2925 certos
1291 2877 1441 2926 suorum

379 2968 532 3042 militurn
555 2968 665 3041 duces
687 2966 874 3065 delegavit.
898 2968 1049 3039 Maxime
1070 2968 1169 3039 enim
1189 2965 1236 3039 ad
1260 2967 1330 3040 hoe
1352 2971 1442 3068 regis

287 3079 289 3086 ’
378 3085 585 3159 versabatur
602 3085 771 3174 intentio,
795 3097 834 3155 nt
850 3084 951 3156 ducis
971 3083 1158 3156 Britanniae
1182 3085 1312 3157 auxilia
1335 3099 1442 3183 atque

378 3203 523 3293 solatia,
549 3203 609 3299 qui
632 3200 831 3273 arctissimo
853 3214 960 3295 atque
985 3201 1213 3274 tenacissimo
1240 3201 1381 3276 soederis
1407 3217 1443 3275 et

377 3321 539 3392 amicitia
556 3342 650 3390 nexu
669 3315 965 3414 Burgundionum
985 3316 1069 3392 duci
1086 3315 1327 3415 adglutinatus
1345 3334 1439 3410 erat,

378 3435 445 3509 sibi
468 3433 704 3521 abstraheret,
731 3433 787 3506 vel
816 3457 900 3505 curn
923 3433 959 3506 vi
986 3447 1020 3505 et
1046 3433 1154 3506 armis
1176 3433 1439 3533 opprimendo,

377 3644 504 3705 tindrent
517 3642 544 3702 le
558 3663 612 3722 roy
627 3655 656 3703 et
668 3641 776 3703 sedicte
787 3641 885 3702 armes
897 3641 1086 3722 longuement
1098 3663 1165 3704 sans
1177 3644 1242 3706 rien
1256 3645 1329 3706 faire
1336 3669 1345 3720 ;
1362 3659 1392 3706 et
1404 3663 1442 3706 en

376 3754 410 3794 ce
426 3733 529 3793 faisant
541 3731 713 3814 mangerent
724 3744 753 3792 et
765 3731 951 3792 detruisirent
964 3746 1028 3792 tout
1038 3732 1065 3791 le
1079 3733 1140 3814 plat
1154 3753 1237 3816 pays,
1250 3734 1320 3799 bien
1335 3737 1444 3815 &vingt

377 3845 412 3882 cu
425 3837 514 3882 trente
528 3828 615 3882 lienes
628 3823 727 3884 dudict
736 3823 795 3883 lieu
807 3823 848 3883 du
861 3827 942 3883 lllans
955 3836 983 3884 et
993 3822 1163 3903 d'llleneon.
1174 3851 1188 3888 a
1199 3825 1308 3889 Cbron.
1322 3827 1409 3886 stand
1418 3869 1439 3907 .,

378 3917 421 3972 ad
430 3933 499 3973 ann.
517 3915 607 3976 titt.

418 4005 448 4062 l.
471 4003 547 4061 tout
559 4004 648 4064 ttae.

418 4093 448 4154 2.
470 4091 605 4151 Ilaurait
620 4091 666 4151 ite
679 4091 744 4171 plus
762 4104 844 4152 exact
865 4091 901 4150 de
921 4103 1023 4152 mettre
1044 4095 1086 4149 ad
1104 4105 1289 4166 nmmum,
1304 4113 1354 4154 car
1372 4097 1442 4156 e'cst

378 4197 416 4239 au
436 4181 510 4240 mois
529 4180 567 4241 de
586 4180 750 4261 septembre
768 4201 827 4261 que
849 4181 877 4241 le
895 4181 939 4241 roi
956 4181 988 4242 fir
1007 4180 1049 4242 les
1069 4181 1242 4262 preparatils
1260 4181 1332 4244 dont
1352 4202 1391 4244 on
1404 4202 1441 4244 va

378 4269 484 4350 parler.
