3322 5172
604 493 714 552 ranna
743 495 913 568 Qumrus.
1230 503 1287 561 asa

235 624 447 724 corporibus
466 626 654 726 coepissent
680 627 907 718 incumbere,
927 628 1106 727 extemplo
1125 634 1289 730 eccequi

235 756 464 814 accurrerunt
478 740 561 815 duci
574 743 737 817 nuntiare
758 743 909 841 qualiter
926 744 1106 817 Suitenses
1126 772 1147 819 e
1165 749 1288 822 castris

233 857 304 931 suis
319 858 464 932 exibant
480 873 533 949 et,
551 883 635 933 cum
653 860 761 956 signis
779 859 991 937 militaribus
1005 875 1041 932 et
1055 862 1199 936 aciebus
1215 865 1289 936 dis·

234 973 376 1070 positis,
392 980 467 1073 jam
493 975 640 1074 propius
656 975 703 1049 ad
719 999 802 1048 suos
820 974 1124 1075 propinquabant.
1150 977 1289 1066 Quibus

234 1111 317 1161 curn
333 1087 405 1162 dux
430 1090 577 1162 minime
601 1089 747 1165 credere
763 1091 888 1183 vellet,
909 1092 995 1189 quin
1017 1093 1122 1165 etiam
1144 1094 1289 1168 cuidam

235 1202 348 1276 nobili
372 1206 500 1303 equiti,
520 1207 583 1304 qui
607 1206 645 1278 id
674 1207 867 1280 sevidisse
892 1206 1082 1300 referebat,
1103 1233 1227 1308 aspera
1254 1224 1290 1283 et

234 1320 410 1417 probrosa
424 1322 533 1395 verba
549 1320 778 1413 reddidisset,
796 1321 854 1394 alii
871 1337 979 1422 atque
995 1323 1054 1396 alii
1070 1349 1154 1396 mox
1169 1349 1290 1424 snper-

233 1437 400 1530 veniunt,
423 1439 646 1537 superiorum
671 1436 788 1509 verbis
813 1436 1088 1536 adstipulantem
1117 1439 1291 1516 addentes

233 1553 340 1625 etiam
349 1553 447 1650 quod
455 1554 529 1650 jam
544 1549 656 1652 [cum]
667 1553 751 1644 suis,
767 1576 858 1651 quos
867 1553 905 1624 in
917 1552 1082 1651 praesidio
1094 1555 1288 1647 locaverat,

234 1694 361 1742 manus
379 1683 621 1742 consererent.
644 1666 782 1757 Quibus
800 1669 850 1740 sic
871 1666 1019 1760 auditis,
1040 1670 1115 1768 ipse
1137 1670 1211 1744 dux
1234 1696 1291 1744 re·

234 1798 341 1883 pente
372 1807 456 1856 suos
489 1784 618 1856 armari
651 1791 687 1854 et
719 1807 831 1881 equos
862 1782 1103 1855 conscendere
1130 1782 1287 1879 jubens,

234 1924 368 1997 equum
394 1899 531 1998 etipse
555 1924 638 1972 curn
660 1900 719 1989 iis,
741 1923 831 1996 qnos
850 1921 971 1971 secum
991 1912 1134 1998 paratos
1156 1899 1290 1978 habere

234 2018 364 2116 potuit,
382 2016 590 2092 conscendit
602 2030 637 2087 et
653 2016 821 2088 adversus
834 2013 953 2088 hostes
964 2016 1163 2089 contendit.
1185 2019 1290 2115 Atqui

234 2159 318 2208 cum
341 2133 501 2210 debitum
527 2134 691 2207 ordinem
712 2136 750 2205 iu
770 2135 844 2206 suis
866 2133 1082 2232 disponendi
1103 2135 1290 2233 repentina

233 2250 390 2326 hostium
415 2275 622 2348 aggressura
646 2247 793 2322 minime
819 2249 1053 2347 permisisset,
1082 2250 1145 2347 qui
1168 2265 1288 2324 tamen

234 2392 317 2440 curn
328 2391 459 2464 magno
472 2368 598 2440 ordine
612 2381 648 2439 et
656 2365 769 2464 sagaci
783 2364 1018 2462 dispositione
1029 2364 1286 2464 procedebant,

233 2482 280 2554 ad
297 2484 454 2580 primum
478 2481 638 2554 hostiurn
660 2494 893 2578 conspectum
911 2480 1203 2576 Burgundiones,
1226 2483 1289 2580 qui

233 2598 279 2670 de
299 2598 403 2669 sociis
428 2598 500 2670 suis
525 2599 561 2669 in
589 2596 751 2696 praesidio
776 2609 813 2667 et
835 2595 997 2668 custodia
1022 2593 1169 2688 relictis,
1189 2621 1289 2670 accc·

234 2711 400 2786 dentibus
421 2714 593 2805 inimicis,
616 2713 663 2786 ad
682 2738 719 2785 se
741 2737 816 2784 non
829 2708 937 2784 alind
953 2735 1063 2809 quam
1080 2713 1179 2785 triste
1195 2739 1289 2786 nun-

234 2830 324 2903 tium
346 2827 583 2929 accipiebant,
613 2827 659 2900 de
674 2827 773 2900 nulla
788 2827 996 2900 defensione
1012 2853 1075 2934 seu
1092 2829 1289 2902 resistentia

234 2944 397 3018 hostibus
412 2945 631 3044 opponenda
645 2968 712 3016 nec
729 2943 775 3017 de
791 2943 861 3016 alio
878 2943 1051 3034 remediO,
1066 2944 1134 3016 nisi
1150 2944 1289 3017 desola

153 3044 157 3050 ¹
234 3061 332 3160 suga,
363 3063 589 3162 cogitantes,
605 3060 753 3134 contuse
780 3073 817 3132 et
840 3058 1142 3134 inordinatissime
1165 3060 1287 3157 fugam

233 3181 471 3278 arripuerunt.

283 3297 410 3367 Hostes
424 3309 556 3387 autem,
569 3320 590 3367 a
605 3310 703 3391 tergo
713 3317 775 3367 eos
788 3283 953 3386 insecuti,
966 3290 1129 3391 pediturn
1142 3289 1289 3388 quidem

235 3422 270 3481 et
287 3409 567 3506 sagittariorum,
586 3411 649 3505 qui
670 3435 802 3508 magno
827 3432 980 3487 numero
1001 3420 1118 3496 erant,
1137 3422 1290 3504 stragem

234 3549 401 3621 magnam
420 3524 594 3596 fecerunt.
616 3523 762 3596 Plurimi
786 3526 892 3596 etiam
913 3525 1076 3622 equitum
1097 3521 1292 3612 ducis,ch

233 3639 495 3740 apedestribus
521 3641 633 3740 copiis
654 3641 868 3712 Suitensium
892 3638 1136 3728 circumclusi,
1160 3638 1218 3711 vel
1244 3637 1290 3710 ab

233 3758 413 3858 equitibus
442 3757 633 3856 persecuti,
664 3757 742 3830 caesi
770 3756 1006 3854 prostratique
1034 3756 1188 3828 fuerunt.
1219 3757 1292 3826 Nee

234 3874 306 3947 hoc
327 3874 474 3973 quidem
496 3871 640 3946 difficile
660 3874 795 3964 fuerat,
815 3895 897 3944 cum
923 3872 949 3943 ii
972 3870 1174 3970 nullopere¹
1199 3869 1292 3940 hos-

237 3993 325 4066 tiurn
356 3991 655 4089 consequentium
681 3991 857 4064 invasioni
887 3987 1131 4077 obluctantes,
1153 3984 1293 4058 nullae

275 4242 303 4296 t.
327 4243 362 4296 Ia
376 4243 452 4297 nullo
464 4259 503 4316 pe
516 4237 588 4298 dans
604 4237 633 4297 le
646 4257 701 4296 ms.
