3282 5168
403 591 461 648 360
676 587 933 647 mstottmtttm
952 587 1131 645 Lnuovtct
1149 584 1193 643 xt

735 884 991 956 ctrtrtJLUtt
1025 883 1133 954 xvtt.

428 1091 510 1161 Quod
521 1092 639 1163 utrisque
647 1091 754 1164 regibus
764 1103 791 1144 et
801 1090 890 1162 regnis
899 1090 941 1143 bu
951 1103 1049 1162 treugae
1059 1089 1166 1143 fuerunt
1177 1088 1266 1155 utiles,
1280 1087 1327 1142 sed
1340 1086 1437 1157 utrique

750 1171 867 1244 partium
881 1190 977 1244 parum
992 1172 1119 1225 honesto.

452 1354 560 1444 Quod
572 1355 602 1426 si
622 1353 740 1426 forsan
755 1354 804 1426 de
817 1352 1026 1450 hujusmodi
1043 1351 1176 1425 soedere
1188 1377 1253 1424 seu
1271 1339 1458 1449 treugano·

401 1485 512 1543 stram
535 1471 807 1542 aestimationem
830 1495 894 1542 seu
909 1470 1119 1568 opinionem
1135 1467 1262 1542 audire
1278 1469 1458 1566 quisquam

401 1600 599 1685 exspectet,
621 1586 784 1686 proiecto
800 1585 913 1676 utilis,
933 1600 974 1656 ut
989 1584 1117 1682 vulgus
1133 1583 1234 1683 loqui
1249 1584 1358 1673 solet,
1377 1583 1458 1655 utri·

400 1727 471 1800 que
486 1702 640 1801 partium
656 1701 762 1774 fuisse
773 1702 929 1794 videtur,
946 1725 1031 1772 cum
1044 1700 1178 1798 absque
1192 1699 1363 1797 ambiguo
1374 1723 1457 1772 sem·

401 1842 536 1916 perque
545 1818 690 1917 ancipiti
701 1831 736 1889 et
748 1815 950 1916 periculoso
962 1805 1171 1907 certamine,
1184 1815 1292 1886 armis
1300 1815 1458 1912 utrinque

402 1932 607 2006 abstentum
629 1933 686 2025 sit,
713 1947 748 2005 et
770 1931 908 2035 gbsque
931 1932 982 2002 eis
1005 1931 1218 2024 discessum;
1247 1955 1374 2004 verum
1397 1929 1458 2001 utri

401 2050 521 2150 potius
538 2049 690 2148 ingloria
707 2049 895 2142 exstiterit,
914 2073 991 2120 uon
1010 2047 1112 2121 tacite
1129 2047 1339 2120 dixerimus.

453 2170 595 2238 Poterat
611 2165 772 2262 quidem,
793 2164 1011 2264 mpluribus
1025 2163 1136 2237 videri
1154 2179 1286 2264 posset,
1309 2171 1458 2238 Franco-

401 2306 483 2352 rum
498 2307 572 2368 rex,
589 2282 780 2354 contractis
795 2280 900 2354 tantis
914 2282 1077 2379 equitum
1089 2281 1327 2380 peditumque
1342 2281 1456 2381 copiis,

404 2396 536 2492 Anglos
558 2397 709 2496 pavidos
730 2412 765 2468 et
794 2396 885 2468 fame
904 2397 1106 2487 confectos,
1127 2393 1255 2469 diebus
1273 2398 1397 2496 paucis
1419 2393 1458 2466 ad

403 2512 505 2585 samis
521 2527 717 2586 extremam
733 2511 928 2612 perductos
944 2514 1163 2611 angustiam,
1184 2512 1322 2612 absque
1339 2535 1457 2614 magno

403 2629 548 2725 negotio
575 2629 631 2701 vel
649 2627 847 2726 subegisse,
866 2631 923 2702 vel
941 2630 1177 2730 oppressisse,
1197 2655 1281 2702 oum
1307 2630 1457 2704 omnium

403 2769 523 2816 rerum
553 2758 588 2816 et
619 2745 665 2818 ad
699 2747 852 2838 victum,
876 2761 912 2818 et
941 2745 986 2818 ad
1015 2746 1181 2820 bellicam
1204 2748 1458 2846 expeditionem

403 2847 689 2962 opportunarum
705 2866 738 2936 ei
755 2863 859 2963 copia
877 2862 1095 2958 abundaret,
1112 2863 1277 2936 hostibus
1294 2891 1380 2940 vero
1394 2885 1457 2935 non

405 2979 515 3051 modo
532 2977 632 3052 nulla
651 2978 730 3051 talis
752 2992 843 3051 esset
859 2980 976 3078 copia,
994 2979 1056 3051 sed
1074 2979 1152 3052 dira
1169 2977 1277 3052 etiam
1293 2989 1459 3082 premeret

404 3118 466 3165 eos
483 3096 689 3187 necessitas,
710 3095 935 3194 ampliusque
955 3095 1057 3169 facite
1075 3097 1264 3185 tenuisset,
1283 3095 1315 3170 si
1335 3123 1407 3170 non
1422 3117 1459 3166 er

404 3209 641 3301 abundantia,
660 3235 739 3309 quae
755 3212 899 3282 Francis
915 3226 1008 3303 erat,
1027 3237 1153 3284 eorum
1171 3211 1294 3286 suisset
1308 3211 1459 3314 suppleta

404 3326 538 3424 inopia.
559 3328 678 3413 Quare
695 3327 827 3398 mirum
843 3327 927 3398 satis
941 3326 1056 3401 videri
1072 3344 1206 3428 potest,
1229 3329 1265 3402 in
1286 3344 1384 3402 tanta
1400 3353 1459 3426 op-

402 3440 622 3540 portunitate
647 3441 820 3530 victoriae,
848 3444 1037 3540 quomodo
1063 3445 1140 3544 ipse
1164 3450 1384 3519 Francorum
1406 3467 1459 3516 rer

402 3579 479 3628 sese
494 3559 568 3654 regi
585 3558 779 3656 Anglorum
797 3558 1025 3633 tributarium
1042 3561 1325 3661 vectigalemque
1343 3561 1459 3636 effece-

401 3673 464 3764 rit,
484 3674 543 3746 cui
561 3688 635 3747 tam
652 3675 807 3773 gloriosa
825 3677 972 3752 victoria
990 3679 1098 3751 veluti
1120 3693 1220 3778 parta
1237 3693 1273 3750 et
1290 3677 1458 3778 quodam·

403 3789 514 3865 modo
530 3792 568 3864 in
587 3792 751 3865 manibus
767 3792 893 3867 haberi
909 3791 1127 3868 videbatur¹.

455 3913 484 3982 E
511 3909 653 3983 diverso
686 3935 773 3983 vero
809 3936 886 3984 non
916 3910 1018 4008 facile
1048 3911 1185 4010 detergi
1216 3937 1280 3985 seu
1308 3909 1458 3985 excusari

398 4041 518 4125 potest
554 4042 627 4101 tam
651 4026 762 4100 facilis
789 4043 825 4102 et
850 4043 925 4102 tam
950 4043 1128 4129 praerupta
1154 4029 1350 4127 auglorum
1375 4026 1458 4124 regis

439 4257 467 4314 t.
490 4257 530 4313 Le
544 4253 616 4314 recu
629 4253 665 4313 de
678 4253 843 4315 commines
859 4253 972 4334 repond
986 4275 1065 4316 assez
1081 4275 1140 4316 aux
1161 4255 1321 4332 objections
1336 4255 1372 4316 de
1384 4254 1457 4313 ‘sbo-

397 4359 458 4403 mas
472 4344 568 4406 Rasin.
584 4346 620 4418 Q.
637 4365 669 4408 v.
684 4347 851 4418 Memor'res,
867 4344 888 4408 Ι.
904 4348 954 4416 IV,
970 4365 997 4405 c.
1012 4367 1066 4422 vn,
1082 4367 1154 4421 vnr,
1169 4367 1213 4423 rx,
1228 4367 1248 4406 x
1261 4359 1291 4407 et
1303 4367 1343 4406 ιι.
