3272 5182
393 557 451 614 226
661 551 917 610 HISTORIARUM
936 547 1113 605 LUDOVICI
1132 545 1175 604 XI

397 683 582 757 molimina
608 705 686 779 quae
714 705 778 778 per
806 683 1023 750 Francorum
1047 702 1166 775 regem
1194 692 1231 751 et
1255 677 1355 749 illum
1379 676 1454 747 sin-

392 825 515 874 cerum
548 813 583 870 et
616 798 830 892 singularem
864 795 1020 866 amicum
1054 817 1177 882 suum,
1213 793 1381 866 comitem
1407 791 1455 864 de

396 925 448 991 W
447 917 578 1006 ulrich,
594 915 763 987 adversus
780 910 1005 1000 Edoardum,
1024 912 1217 1008 anglorum
1236 935 1374 1007 regem,
1393 934 1454 980 so·

394 1036 532 1106 rorium
558 1055 681 1119 suum,
706 1054 773 1100 nec
796 1031 914 1100 minus
937 1043 1062 1099 contra
1087 1027 1316 1126 semetipsum
1341 1040 1456 1096 strue-

395 1149 539 1239 bantur,
569 1147 735 1242 cogitavit
757 1159 814 1236 ut,
838 1145 867 1214 si
890 1159 1027 1242 posset,
1047 1157 1195 1216 conatus
1213 1142 1305 1226 illius
1326 1139 1458 1240 perfidi

393 1264 623 1360 interciperet
647 1273 753 1358 atque
782 1259 993 1358 impediret,
1022 1259 1079 1330 vel
1103 1284 1187 1330 eum
1211 1257 1320 1328 classe
1344 1281 1460 1354 quam

394 1377 552 1450 habebat
581 1375 794 1475 spolianda,
829 1401 891 1448 seu
924 1400 1003 1516 qam
1032 1374 1226 1446 cremando
1258 1374 1460 1445 autetiam

397 1491 637 1590 expugnando
665 1506 701 1562 et
717 1515 908 1588 congressu
932 1490 1048 1563 navali
1065 1488 1282 1588 superando.
1300 1493 1344 1559 Et
1360 1489 1408 1561 ad
1419 1487 1459 1560 id

393 1608 540 1707 quidem
555 1607 853 1707 pertentandum,
873 1607 1022 1680 classem
1040 1607 1206 1678 instruxit
1224 1605 1461 1702 quadraginta

393 1741 454 1798 aut
470 1725 728 1823 quinquaginta
738 1723 884 1796 navium
902 1723 1106 1815 electarum,
1123 1745 1289 1818 quarum,
1305 1746 1388 1792 cum
1403 1745 1461 1792 ar-

395 1843 460 1912 mis
487 1865 528 1912 ac
553 1840 637 1910 viris
665 1840 871 1934 caetcrisque
899 1841 1105 1912 necessariis
1134 1838 1242 1910 rebus
1270 1835 1460 1934 magnifice

395 1961 543 2031 luissent
559 1957 748 2046 instructae,
770 1956 939 2027 ducatum
957 1957 1136 2029 commisit
1151 1954 1346 2027 clarissimo
1363 1954 1458 2040 viro,

395 2074 522 2146 talium
547 2097 668 2145 rerum
694 2070 949 2171 navaliumque
976 2072 1246 2172 expeditionum
1274 2071 1342 2166 (uti
1366 2070 1463 2140 lama

396 2189 589 2286 terebatur)
616 2187 701 2260 satis
729 2189 866 2284 egregie
892 2190 1008 2288 perito
1034 2204 1070 2261 et
1094 2190 1288 2281 instructO,
1307 2188 1462 2259 domino

400 2305 446 2377 de
466 2304 587 2395 Veris,
608 2301 853 2374 Zelandrino¹.
1510 2395 1514 2403 .

450 2424 537 2509 Quae
566 2443 623 2490 res
650 2442 734 2489 cum
776 2443 842 2490 nec
868 2423 1086 2491 Francorum
1104 2445 1242 2516 regem,
1270 2445 1337 2493 nec
1360 2419 1465 2490 illum

401 2536 477 2610 doli
501 2534 676 2632 insignem
701 2533 933 2605 architectum
957 2540 1009 2606 W
1007 2535 1127 2606 arata
1151 2537 1291 2626 lateret,
1314 2559 1466 2633 operam

404 2650 581 2723 dederunt
605 2665 645 2720 ut
665 2673 736 2719 suae
758 2649 805 2719 ad
827 2649 906 2750 loca
929 2664 1002 2721 tuta
1024 2663 1060 2720 et
1085 2649 1319 2722 commodos¹
1336 2665 1466 2749 portus

405 2768 573 2864 sinusque
598 2789 707 2838 naves
726 2765 942 2856 locarentur,
972 2765 1022 2838 sic
1046 2767 1146 2864 quod
1169 2766 1269 2839 facile
1294 2767 1466 2840 incendio

405 2882 590 2972 consumi,
609 2883 664 2953 vel
682 2905 703 2952 a
721 2880 1035 2978 Burgundionibus
1047 2882 1203 2954 abstrahi
1216 2899 1323 2979 atque
1333 2882 1468 2956 abduci

407 3023 482 3069 non
504 3011 661 3096 possent.
690 2996 837 3093 Collegit
858 2997 964 3068 etiam
987 3003 1204 3069 Francorum
1219 3025 1280 3070 rex
1298 3023 1467 3096 magnam

313 3151 314 3154 ¹
408 3114 570 3212 equitum
603 3111 838 3210 peditumque
869 3113 1156 3203 multitudinem,
1193 3139 1285 3211 quos
1321 3115 1467 3188 francos

409 3227 607 3326 sagittarios
633 3226 835 3325 appellant,
865 3228 996 3325 quibus
1028 3244 1153 3328 portus
1176 3245 1282 3328 atque
1307 3255 1468 3303 recessus

408 3354 446 3422 in
471 3348 603 3445 quibus
627 3372 735 3419 naves
761 3348 968 3445 hujusmodi
987 3350 1241 3450 repausabant,
1267 3351 1311 3422 ad
1332 3377 1389 3424 cas
1409 3367 1469 3425 tu-

411 3465 556 3553 tandas,
575 3463 756 3560 vicinique
772 3465 847 3561 agri
865 3467 1099 3564 replerentur..
1133 3473 1298 3556 Quorum
1326 3467 1469 3540 accolas

409 3577 509 3650 dictu
537 3603 612 3649 non
635 3595 689 3652 est
711 3578 825 3674 facile,
844 3594 917 3653 tam
938 3583 1005 3680 ipsi
1025 3605 1134 3678 quam
1154 3582 1288 3678 Anglici
1309 3583 1468 3680 partium

408 3694 455 3767 de
472 3697 652 3790 Warvr'clr,
675 3698 817 3792 quantis
839 3698 988 3795 injuriis,
1009 3698 1150 3771 damnis
1167 3715 1273 3795 atque
1288 3698 1393 3770 variis
1406 3722 1469 3771 ca·

406 3811 624 3885 lamitatibus
640 3815 912 3914 compleverint.

455 3935 546 4004 Cum
574 3945 692 4004 autern
711 3931 860 4004 classem
874 3931 1102 4030 hujusmodi,
1122 3956 1219 4004 mare
1235 3929 1470 4032 pervagando

446 4191 475 4248 l.
499 4187 592 4248 Henri
605 4187 641 4245 de
654 4187 802 4264 Borssele‚
817 4185 984 4262 Zelandais,
999 4185 1135 4268 seigneur
1147 4183 1183 4245 de
1195 4189 1351 4246 Ter-Vere.

445 4283 475 4343 Ξ.
498 4287 538 4342 Le
552 4299 607 4341 ms.
621 4292 703 4360 porte
719 4288 818 4359 coires,
835 4279 886 4360 qui
899 4279 986 4340 serait
998 4279 1199 4342 l’abrdviation
1212 4279 1250 4342 de
1262 4287 1385 4342 comites.
