3402 5186
690 519 802 580 unm
822 477 971 580 616666.
1321 515 1362 580 ss

301 655 347 728 ad
361 655 509 754 propria
523 653 776 748 remeantibus,
790 671 867 726 non
882 655 997 728 multo
1011 669 1094 753 post
1105 667 1282 752 ternpore,
1300 677 1363 728 rex

300 766 422 844 animo
434 771 614 844 suovariis
625 771 822 870 exagitatus
831 773 925 844 curis
936 785 970 844 et
983 770 1306 871 phantasmatibus,
1316 773 1363 845 ad

300 888 465 962 visendas
484 903 596 961 terras
612 913 693 961 suas
714 887 900 977 Picardiae,
925 913 1015 985 quas
1034 887 1254 981 redemerat,
1277 913 1363 987 pro-

299 1004 413 1076 fectus
429 1006 511 1094 est¹3
527 1017 563 1075 et
577 1004 724 1076 visitans
736 1003 931 1076 Ambianos
947 1017 982 1075 et
1000 1001 1324 1092 Abbatisvillenses,
1341 1029 1360 1077 a

299 1118 438 1192 civibus
461 1131 496 1190 et
517 1119 659 1218 populis
680 1117 861 1211 locorum,
885 1121 947 1216 qui
970 1140 1034 1217 per
1056 1116 1228 1216 plurimos
1247 1143 1363 1194 annos

301 1259 420 1332 regem
446 1239 666 1316 Francorum
689 1233 829 1306 nullum
853 1235 889 1304 in
914 1235 986 1306 suis
1011 1232 1154 1332 oppidis
1181 1234 1360 1328 viderant,

300 1373 385 1422 cunr
403 1355 540 1448 magnis
557 1351 736 1423 alacritate
752 1349 944 1422 ethonore
961 1365 1014 1422 est
1030 1365 1210 1449 exceptus.

353 1467 511 1539 Visita'vit
521 1478 557 1538 et
569 1468 840 1556 Tornacenses',
856 1465 1016 1563 quicum
1031 1465 1168 1562 magnis
1181 1466 1365 1540 donarunt

301 1583 533 1673 muneribns;
566 1582 629 1654 sed
661 1580 780 1678 (quod
809 1565 883 1652 non
912 1604 1041 1680 parurn
1071 1605 1161 1678 aegre
1187 1581 1362 1676 tulerunt,

300 1721 424 1770 verum
443 1699 495 1770 eis
513 1697 645 1771 durum
667 1696 932 1794 molestumque
952 1697 1038 1790 luit)
1060 1696 1155 1768 hanc
1174 1699 1225 1770 eis
1246 1699 1365 1796 gratiae

301 1828 336 1886 et
348 1813 514 1886 beneficii
526 1814 692 1913 rependit
707 1812 999 1904 vicissitudinem,
1015 1813 1115 1911 quod
1132 1814 1283 1906 exsules,
1303 1817 1365 1911 qui

300 1955 368 2030 pro
383 1932 490 2003 variis
505 1930 708 2003 homicidiis
726 1943 761 2002 et
778 1929 987 2002 criminibus
1005 1929 1147 2002 civitate
1163 1931 1254 2029 pulsi
1272 1957 1365 2030 pro-

300 2046 494 2146 scriptique
520 2048 712 2144 justissime
741 2047 899 2136 fuerant,
928 2069 1037 2146 supra
1064 2047 1362 2144 quadringentos,

299 2161 431 2234 civitati
445 2163 607 2234 restituit.
625 2165 790 2249 Quorum
804 2161 921 2233 reditu
937 2163 1061 2258 utique
1078 2187 1153 2235 non
1169 2164 1205 2234 in
1222 2163 1363 2253 melius,

300 2277 362 2350 sed
384 2278 421 2349 in
437 2277 592 2350 deterius
608 2277 735 2350 eadem
751 2278 873 2349 civitas
887 2291 1024 2352 mutata
1037 2292 1103 2368 est,
1120 2293 1174 2351 tot
1187 2281 1364 2354 sceleratis

300 2408 336 2465 ct
351 2394 518 2490 inquietis
534 2395 655 2466 farcita
670 2393 885 2466 criminosis.
1011 2443 1013 2446 -

295 2555 298 2562 ι
348 2509 512 2580 visitavit
531 2509 641 2580 etiarn
661 2507 815 2579 stillum
836 2507 1009 2579 illustrem
1028 2507 1250 2606 Philippum,
1277 2517 1364 2584 Bur·

300 2621 526 2717 gundionum
542 2621 689 2712 ducem,
710 2622 747 2692 in
767 2645 832 2693 suo
852 2620 989 2720 oppido
1005 2622 1052 2694 de
1071 2621 1280 2713 Hesdincffi,
1300 2625 1365 2721 qui

300 2739 336 2810 in
355 2739 431 2835 ejus
448 2763 529 2810 arce
545 2737 612 2809 sibi
629 2737 790 2836 praebens
805 2735 1001 2835 hospitium
1021 2738 1116 2833 (quae
1131 2737 1366 2835 magnificen-

299 2855 433 2927 tissime
449 2857 671 2926 constructa⁸
682 2868 717 2926 et
732 2853 933 2924 necessario
946 2854 1186 2924 instrumento
1198 2855 1367 2952 acsupel·

299 2970 414 3043 lectile
430 2969 684 3069 pretiosissima
700 2967 746 3040 ab
765 2967 934 3042 omnibus
952 2993 1028 3040 esse
1046 2969 1219 3044 instructa
1240 2972 1366 3071 perhi-

299 3085 485 3183 bebatur),
514 3109 599 3158 eum
626 3083 913 3184 splendidissime
941 3087 1166 3184 procuravit,
1192 3089 1366 3186 permissa

1017 3283 1023 3298 ‘
1051 3293 1060 3328 t

342 3381 370 3438 1.
393 3380 512 3437 Erreur.
534 3379 575 3434 Ie
589 3374 633 3433 roi
648 3375 679 3433 lit
692 3373 770 3433 deux
781 3393 908 3454 voyages
925 3391 961 3432 en
985 3372 1134 3445 ricarde,
1151 3371 1213 3432 l’un
1230 3387 1319 3434 avant
1339 3377 1368 3437 le

300 3466 580 3540 1661161,661463,
598 3463 716 3540 l’autre,
730 3464 781 3543 qui
799 3474 842 3522 est
862 3462 938 3524 celui
955 3461 1026 3522 dont
1039 3463 1165 3524 l’antcur
1182 3477 1252 3524 vent
1268 3465 1367 3544 parler

300 3556 353 3627 ici,
368 3556 440 3614 dans
452 3554 520 3614 l'ett's
533 3553 570 3612 de
584 3555 675 3613 1464.

341 3647 370 3708 2.
392 3650 433 3704 Le
446 3662 559 3723 voyage
578 3640 619 3700 du
634 3641 677 3700 roi
696 3644 712 3699 1
727 3645 863 3719 Toumay
878 3654 922 3700 est
937 3640 976 3699 dn
993 3639 1068 3701 mois
1089 3641 1127 3700 de
1144 3641 1252 3703 l'errier
1273 3646 1350 3703 1464

343 3737 371 3792 11.
394 3732 563 3806 1111661116,
580 3750 617 3790 en
631 3731 737 3788 hrtois.
757 3735 797 3788 Le
817 3730 863 3788 roi
880 3731 971 3806 yalla
988 3750 1025 3790 66
1043 3734 1120 3790 1463
1136 3745 1165 3790 61
1181 3751 1217 3791 66
1233 3737 1322 3795 1464.
1340 3733 1365 3793 11

301 3822 385 3902 s’ngit
397 3822 434 3882 ici
448 3822 485 3882 de
499 3823 527 3882 la
541 3821 675 3881 derniere
689 3820 773 3878 uisite
789 3820 972 3905 (juin-juillet
987 3824 1064 3881 1464
1073 3827 1093 3894 ).
1369 3809 1372 3818 ’

341 3914 371 3970 4.
393 3934 406 3964 r
425 3910 533 3990 lequel
553 3909 680 3985 chastel,
701 3927 813 3968 comme
834 3928 873 3967 on
893 3907 995 3981 disoit,
1010 3911 1095 3968 estoit
1116 3910 1144 3969 le
1157 3911 1223 3990 plus
1242 3911 1316 3983 fort,
1337 3911 1366 3972 le

301 4002 367 4081 plus
382 3999 458 4060 beau
481 4013 511 4059 et
528 3998 557 4058 le
578 3998 644 4079 plus
664 4009 838 4077 somptueux
851 3997 959 4057 chastel
975 3997 1012 4056 de
1027 4001 1157 4074 Franco,
1175 4012 1203 4059 et
1218 4019 1236 4077 y
1249 3999 1367 4058 avolent

301 4088 369 4150 laict
386 4090 457 4148 faire
473 4089 501 4146 16
515 4086 571 4145 (166
584 4087 676 4146 Jehan
691 4087 727 4147 de
742 4091 915 4167 Bourgogne
929 4099 958 4147 et
977 4087 1048 4148 ledit
1061 4088 1117 4148 duc
1129 4089 1296 4168 Philippes,
1311 4109 1365 4149 sou

300 4180 360 4254 lib,
373 4175 466 4238 moult
477 4176 660 4256 d’ourraiges
676 4189 705 4235 61
717 4175 830 4236 c'omme
844 4180 1006 4253 16616661,
1021 4179 1058 4239 de
1071 4179 1142 4239 lond
1155 4195 1192 4238 en
1205 4177 1329 4240 combis.
1348 4205 1361 4232 ι

300 4272 424 4347 Jacques
438 4265 597 4343 Duclercq,
611 4268 774 4341 Mimor'res,
788 4265 810 4324 1.
824 4269 857 4340 V,
868 4287 894 4327 c.
909 4287 943 4327 6.
