3402 5186
656 531 763 588 mann
783 533 934 594 rmuus.
1051 509 1055 516 ’
1284 537 1320 594 u

264 683 421 762 quorum
443 675 624 754 auctores,
636 662 712 760 jam
724 686 809 735 cum
827 663 1024 736 exercitum
1048 665 1186 762 regium
1210 689 1324 767 prope

263 777 403 851 adstare
419 775 466 850 ad
482 777 538 850 sui
550 769 816 870 defensionem,
835 777 897 852 ubi
911 779 1100 877 ingruisset
1115 781 1321 874 necessitas,

264 892 532 993 conspicerent,
551 917 588 965 se
604 893 883 991 apprehendisse
896 909 932 967 ct
947 895 983 967 in
1001 919 1180 971 carcerem
1195 911 1231 970 et
1248 897 1324 970 vin-

264 1010 345 1084 cula
370 1008 563 1106 conjecisse
588 1005 766 1084 dicebant.
792 1009 977 1110 Supplices
1005 1012 1111 1108 igitur
1135 1013 1267 1087 civitati
1289 1029 1326 1088 et

265 1124 403 1200 civibus
415 1125 548 1224 regiam
565 1123 806 1223 deposcebant
821 1127 1067 1224 clementium,
1088 1129 1226 1203 vinctos
1239 1155 1326 1230 prae·

265 1241 381 1316 dictos
396 1242 433 1314 in
450 1265 560 1315 manu
571 1237 706 1316 ducum
720 1242 859 1317 tradere
877 1257 913 1318 et
923 1243 1077 1318 liberum
1091 1245 1127 1318 in
1147 1247 1326 1322 civitatem

264 1357 463 1455 ingressum
476 1358 683 1458 permittere
700 1357 902 1432 offerentes.

279 1517 282 1522 ·
313 1474 393 1560 Qua
419 1471 648 1572 providentia
673 1488 781 1572 atque
807 1474 980 1572 sapientia
1012 1473 1193 1547 civitatem
1223 1493 1325 1546 suam

265 1589 399 1662 salvam
425 1604 686 1662 servaverunt:
710 1590 769 1662 eui
794 1587 956 1689 profecto
980 1587 1066 1662 alias
1087 1587 1327 1688 periculosum

265 1703 475 1778 imminebat
487 1705 648 1778 exitium.
666 1705 815 1804 Ingressi
828 1729 914 1777 vero
926 1729 1010 1777 eum
1024 1705 1180 1776 exercitu
1197 1705 1324 1792 duces,

267 1842 331 1917 per
358 1818 434 1892 dies
461 1819 598 1916 aliquot
623 1821 660 1892 in
685 1820 811 1894 eadem
834 1818 926 1892 urbe
956 1818 1125 1891 remorati
1151 1833 1252 1912 sunt,
1281 1817 1328 1890 de

266 1932 387 2005 multis
412 1935 537 2006 vinctis
565 1959 607 2008 ac
629 1934 878 2036 deprebensis,
900 1949 973 2008 tam
997 1934 1082 2008 viris
1108 1958 1218 2033 quam
1242 1957 1327 2006 mu-

267 2046 431 2142 lieribus,
449 2049 621 2148 supplicia
634 2065 827 2124 sumentes.
843 2051 966 2122 Plures
977 2049 1074 2122 enim
1087 2051 1203 2149 capite
1215 2049 1325 2149 pleri,

268 2167 386 2265 plures
417 2165 584 2264 patibulis
617 2167 752 2260 suffixi,
783 2167 904 2267 plnres
939 2166 1132 2266 amputatis
1163 2165 1329 2239 manibus

266 2279 456 2375 debilitati;
475 2282 534 2355 alii
549 2308 656 2370 ver0,
676 2283 851 2382 ademptis
866 2282 991 2372 bonis,
1009 2282 1046 2354 in
1065 2279 1227 2354 exsilium
1240 2281 1328 2355 trusi

266 2398 422 2470 luerunt.
443 2401 485 2470 Et
513 2398 641 2492 talem,
663 2400 851 2472 occasione
871 2399 1048 2495 regiarum
1065 2398 1326 2497 sponsionum,

266 2512 325 2588 illa
350 2512 481 2586 nobilis
503 2517 698 2587 Remorum
721 2514 843 2586 civitas
863 2514 1012 2610 gratiam
1034 2527 1122 2586 tunc
1143 2526 1250 2610 atque
1270 2514 1330 2586 tri-

265 2627 436 2701 butorum
451 2630 698 2702 remissionem
717 2626 867 2702 offendit
877 2632 899 2699 ¹.

315 2751 394 2818 Non
408 2746 606 2820 absimilem
623 2772 709 2820 vero
725 2771 866 2836 casum,
886 2744 1049 2850 quamvis
1061 2743 1247 2844 aliquanto
1263 2745 1330 2818 mi·

267 2864 416 2953 tiorem,
439 2863 565 2938 eadem
578 2864 654 2963 pari
672 2865 859 2936 occasione
876 2863 1055 2959 regiarum
1069 2859 1327 2960 sponsionum,

266 2979 374 3051 etiam
392 2977 663 3076 Andegavorum
682 2977 815 3076 inclyta
830 2977 954 3050 civitas
970 2976 1107 3049 invenit
1118 2979 1140 3047 ¹.

315 3094 454 3183 Quibus
477 3094 526 3167 ita
542 3094 704 3167 coercitis
727 3109 763 3168 et
785 3093 958 3184 subactis,
978 3105 1111 3166 creterae
1134 3089 1331 3163 Galliarum

268 3210 373 3284 urbes
391 3226 427 3284 et
440 3211 631 3312 provinciae
644 3211 841 3284 infortunio
861 3234 984 3284 earum
998 3209 1171 3283 exterritae
1187 3206 1332 3280 luerunt

308 3395 337 3453 1.
359 3391 440 3464 Voir,
455 3411 531 3471 pour
542 3394 570 3451 le
585 3390 778 3471 complement
792 3390 828 3450 de
842 3401 916 3450 cette
932 3388 1055 3450 addition
1069 3387 1141 3447 dont
1159 3387 1179 3448 il
1194 3391 1269 3446 n'est
1282 3405 1333 3466 pas

267 3479 318 3540 tait
331 3482 459 3541 mention
472 3480 544 3540 dans
558 3481 600 3541 les
611 3479 786 3559 chroniques
800 3479 839 3538 du
854 3492 963 3558 temps,
979 3479 1020 3538 les
1031 3479 1164 3536 Arrlu'ves
1177 3479 1214 3535 de
1227 3481 1332 3551 meme,

266 3569 397 3652 publides
417 3591 470 3653 par
488 3575 528 3633 Μ.
552 3571 660 3646 varin,
678 3575 802 3642 Statum,
823 3581 843 3630 t.
865 3573 895 3644 1,
913 3589 943 3648 p.
966 3571 1045 3642 rsa,
1061 3581 1090 3627 et
1111 3567 1153 3626 les
1177 3565 1275 3626 lettres
1297 3563 1334 3625 de

267 3661 417 3722 remissiori
440 3661 594 3722 accordies
617 3681 671 3741 par
691 3660 719 3718 le
745 3659 804 3732 roi,
827 3679 863 3718 en
883 3655 1037 3718 decembre
1060 3655 1156 3731 1161,
1177 3655 1271 3737 parmi
1292 3655 1335 3714 les

268 3755 468 3814 Ordonnunces
480 3755 530 3810 des
546 3760 604 3810 rois
618 3755 655 3809 de
672 3755 798 3826 france,
811 3763 833 3808 t.
849 3752 913 3820 XV,
933 3769 963 3828 p.
982 3749 1053 3805 29¹1.

230 3864 236 3872 ·
308 3842 337 3899 2.
360 3845 401 3902 M.
416 3841 487 3900 Paul
502 3841 677 3922 Marchegay
688 3859 705 3899 a
715 3838 844 3899 recueilli
856 3837 928 3897 dans
938 3837 967 3895 la
977 3837 1110 3893 Revucde
1124 3837 1239 3908 t'Arjou
1248 3835 1281 3907 (t.
1293 3835 1333 3908 Π,

268 3951 298 4010 p.
316 3929 400 4006 268),
416 3929 443 3988 le
457 3949 515 4008 peu
530 3929 566 3990 de
579 3929 826 4008 renseignements
839 3926 945 3985 locatur
958 3924 1008 4004 qui
1021 3941 1097 3982 nous
1111 3933 1175 3982 sont
1189 3937 1335 4001 par-venus

268 4039 319 4081 sur
334 4030 408 4078 cette
425 4018 570 4097 sedition,
591 4020 713 4101 appelee
732 4038 786 4100 par
807 4018 849 4077 les
870 4013 1103 4094 contemporains
1123 4017 1152 4070 ta
1172 4013 1333 4071 Trieoten'e.

267 4109 391 4171 Thomas
410 4109 494 4167 Rasin
513 4122 556 4168 est
572 4109 600 4170 le
620 4109 681 4170 seul
700 4107 840 4168 historien
854 4107 895 4166 du
909 4115 959 4164 xv·
972 4103 1058 4164 siecle
1072 4101 1122 4181 qui
1137 4121 1174 4160 en
1188 4099 1228 4160 ait
1242 4096 1335 4178 paule.

268 4198 388 4259 Joindre
409 4197 451 4258 les
471 4197 569 4257 lettres
588 4197 756 4258 d’abolition
775 4195 928 4255 accordo‘es
945 4213 982 4254 en
1002 4189 1158 4251 decembre
1169 4190 1259 4264 1161,
1279 4189 1337 4248 Or·

270 4291 429 4348 donnances
440 4291 492 4347 des
505 4294 561 4347 tois
573 4292 610 4346 de
623 4292 741 4359 nance,
760 4301 782 4351 t.
797 4289 862 4362 XV,
878 4305 908 4366 p.
924 4287 995 4344 298.
