3272 5182
531 541 641 600 imru
660 512 863 604 moranus.
1124 585 1125 592 u
1169 543 1228 601 ns

170 673 276 746 nibus
293 673 702 748 venerant-vestimentis
712 673 858 765 amicti,
878 671 1095 746 damasceno
1112 688 1148 745 et
1165 697 1226 746 ve·

168 790 273 879 lulo¹,
293 788 350 863 vel
366 788 531 889 pretiosis
548 790 661 862 laneis
677 791 806 890 pannis
824 787 930 889 (quos
948 789 1225 889 Rothomagum,
1322 809 1326 816 “

169 929 236 1005 pro
253 907 386 979 caeteris
402 906 503 1004 regni
520 905 686 1000 urbibus,
704 905 985 1004 mitteresolet),
1008 906 1047 979 in
1070 904 1231 1005 Angliam

169 1037 252 1096 sunt
267 1019 412 1098 reversi.
455 1051 464 1058 ·

219 1143 310 1210 Cum
326 1140 409 1240 ipso
424 1151 543 1212 autem
559 1138 690 1213 comite
706 1163 771 1240 per
788 1138 920 1212 multos
937 1137 1012 1211 dies
1027 1137 1155 1211 babuit
1169 1163 1231 1212 rex

171 1259 305 1328 secreta
321 1256 517 1356 colloquia,
538 1256 676 1357 sibique
695 1245 890 1358 plurimum
909 1255 1145 1357 pollicebatur
1162 1272 1232 1332 ter·

172 1397 293 1445 rarum
308 1397 350 1446 ac
362 1372 623 1467 dominiorum,
635 1375 677 1468 si,
697 1374 769 1446 suis
786 1399 896 1475 opera
916 1388 950 1446 et
968 1372 1097 1446 auxilio
1113 1372 1235 1446 conci-

173 1488 258 1561 liato
275 1488 344 1561 sibi
359 1515 442 1588 rege
458 1513 501 1562 ac
518 1516 630 1588 regno
644 1490 787 1588 Angliae,
799 1489 920 1562 hostes
933 1515 1017 1562 suos
1031 1493 1236 1592 opprimere

173 1619 280 1702 atque
294 1605 447 1706 dejicere
462 1607 520 1679 vel
537 1605 701 1702 subigere
714 1607 898 1706 potuisset.
915 1606 1023 1694 Quod
1036 1632 1074 1678 se
1086 1609 1236 1680 omnino

174 1720 353 1795 facturum
375 1722 472 1795 idem
495 1743 617 1795 comes
639 1721 905 1822 despondebat,
930 1738 992 1795 aut
1013 1737 1126 1812 certe,
1151 1723 1181 1795 si
1202 1723 1239 1798 id

120 1935 122 1940 Ι
177 1837 325 1912 minime
340 1838 652 1912 Edoarduslaeere
664 1837 783 1928 vellet,
803 1863 853 1931 se,
872 1862 1113 1942 quempregem
1128 1861 1241 1912 creas·

176 1969 248 2045 set,
276 1979 388 2052 regno
412 1956 519 2028 etiam
549 1953 782 2054 depulsurum
807 1979 848 2027 ac
873 1953 1166 2048 deturbatumm,
1195 1955 1243 2028 ita

178 2071 278 2169 quod
294 2073 388 2144 vires
406 2071 508 2168 regni
534 2072 679 2168 Angliae,
704 2085 740 2142 ut
764 2071 831 2144 sibi
847 2071 1013 2144 adversas
1033 2086 1068 2143 et
1085 2072 1158 2144 suis
1174 2071 1243 2143 ini·

179 2174 280 2259 micis
308 2187 563 2288 opitulaturas,
595 2213 655 2261 rex
684 2191 903 2260 Francorum
921 2185 1021 2285 ,nihil
1050 2187 1242 2262 formidare

178 2303 338 2377 deberet.

229 2427 274 2493 Ut
297 2437 417 2496 autem
441 2421 486 2494 ad
509 2421 619 2518 hujus
642 2439 715 2492 tam
735 2420 966 2492 vehementer
985 2445 1006 2492 a
1023 2425 1243 2492 Francorum

179 2563 263 2636 rege
279 2541 391 2639 optati
407 2554 442 2612 et
458 2537 642 2637 concupiti
659 2536 801 2608 foederis
820 2537 1067 2637 perveniretur
1084 2537 1243 2640 comple·

180 2671 359 2752 mentum,
379 2657 474 2729 misit
491 2655 588 2727 idem
605 2679 666 2726 rex
686 2678 769 2726 cum
788 2653 933 2753 praefato
959 2655 1089 2727 comite
1115 2656 1151 2727 in
1172 2659 1245 2746 bn-¹

179 2773 288 2873 gliam
307 2774 496 2846 dominum
514 2771 709 2846 Antonium
733 2770 780 2842 de
797 2774 974 2868 Maugni',
1004 2770 1243 2872 archiepisco·

179 2914 266 2989 pum
280 2877 564 2981 Narbonensem,
574 2899 609 2960 et
621 2885 829 2959 Bastardum
842 2886 976 2959 dictum
989 2887 1034 2959 de
1044 2888 1242 2984 Borboni0,

182 3028 288 3103 quem
305 3002 414 3103 paulo
430 3017 513 3076 ante
533 3001 755 3076 ammiralem
774 3001 934 3096 feceratt,
958 3025 1042 3075 cum
1060 3001 1244 3075 nonnullis
1287 3031 1289 3038 ¹

181 3121 407 3193 consiliariis‘
423 3121 460 3191 in
478 3118 669 3217 magnilica
686 3133 721 3191 et
739 3117 851 3191 nobili
868 3133 1054 3218 apparatu.
1068 3119 1146 3208 Qui
1161 3144 1243 3192 cum

182 3236 402 3332 Londonias,
422 3235 486 3308 ubi
503 3261 566 3309 rex
585 3234 779 3334 Anglorum
799 3249 886 3330 erat,
907 3260 1081 3308 unacum
1099 3233 1247 3335 prolato

220 3504 249 3559 l.
273 3502 352 3562 Satin
366 3499 497 3560 domasse
513 3512 542 3559 et
555 3498 681 3558 velours.

221 3595 251 3650 Ξ.
275 3591 492 3670 L’arcbeveqoe
504 3589 540 3649 de
553 3587 710 3648 Narbonne
724 3584 794 3647 erait
808 3585 884 3644 alors
897 3587 1022 3648 Antoine
1036 3588 1075 3649 du
1089 3593 1245 3650 Boc-Cres-

181 3680 247 3760 pin,
265 3680 336 3741 dans
355 3683 384 3741 la
401 3680 509 3741 lamille
531 3677 639 3756 duquel
654 3675 722 3736 etait
741 3675 955 3736 effectivement
971 3678 998 3737 la
1020 3679 1183 3760 seigneurie
1207 3680 1245 3740 de

113 3795 116 3801 ⁴
181 3772 300 3846 Msuny.
318 3771 390 3830 Mais
402 3789 436 3830 ce
449 3768 524 3830 n’cst
534 3788 586 3848 pas
602 3767 643 3827 lui
657 3765 708 3849 qui
723 3765 766 3822 fut
778 3763 885 3845 charge
898 3765 935 3826 de
949 3767 1139 3828 l’ambassade
1152 3769 1244 3830 d’An·

182 3860 318 3942 gleterre.
334 3865 377 3921 La
389 3861 554 3939 Cluunique
568 3857 754 3918 scandaleuse
767 3873 884 3914 nomme
897 3858 954 3914 asa
967 3858 1049 3937 place
1060 3859 1194 3940 l'ereque
1208 3857 1244 3915 de

182 3955 280 4024 laon,
301 3953 373 4010 Jean
389 3950 425 4010 de
438 3951 596 4010 Gaucourt.
618 3953 754 4007 L’erreur
767 3944 803 4003 de
817 3941 942 4024 lliomas
954 3948 1041 4007 Basin
1054 3948 1125 4008 tient
1137 3945 1244 4027 proba-

181 4037 311 4100 blement
333 4043 350 4099 a
371 4061 404 4100 ee
428 4060 485 4121 que
510 4039 633 4100 Autoiue
657 4037 698 4098 du
720 4036 924 4118 uec-cuspin
945 4041 1024 4100 avait
1045 4039 1089 4111 ete'
1108 4038 1245 4103 autrefois

182 4130 344 4210 &veque‘dc
356 4138 447 4194 Laon.
473 4145 478 4156 ’
622 4131 626 4136 ’

211 4237 212 4240 ’
227 4228 254 4284 3.
272 4227 321 4282 'En
333 4223 393 4283 mai
406 4225 497 4296 14'66,
511 4225 527 4280 a
542 4221 570 4280 la
586 4233 662 4280 mort
675 4219 711 4278 de
724 4221 796 4278 Jean
811 4217 847 4278 de
860 4219 1048 4281 Montauban

225 4319 254 4373 l.
276 4319 349 4375 Jean
361 4315 398 4375 de
414 4314 592 4394 Popincourt
604 4323 634 4371 et
644 4309 754 4370 Olivier
765 4310 793 4369 le
805 4313 901 4370 Roux.
