3384 5184
368 463 424 520 tto
638 456 895 516 HISTORIARUM
914 457 1093 518 LUDOVICI
1112 459 1155 516 XI

367 592 585 690 conspicere.
609 592 677 677 lta,
696 590 753 661 cui
777 589 926 661 victoria
943 604 1030 662 tunc
1047 591 1208 681 cesserit,
1227 616 1301 664 non
1326 591 1426 665 facile

368 707 438 779 dici
455 721 585 805 posset.
606 707 641 776 Si
659 730 720 776 rex
737 705 773 775 in
788 704 869 776 loco
885 705 969 797 illo,
989 705 1025 776 in
1039 706 1109 778 suis
1126 707 1266 792 castris,
1286 705 1342 778 vel
1358 707 1426 778 sal-

369 838 440 894 tem
456 823 492 892 in
510 845 591 906 arce
611 845 689 918 quae
703 819 774 892 illic
788 821 871 891 satis
888 819 991 893 firma
1007 835 1081 909 est,
1100 822 1344 914 remansisset,
1360 822 1427 894 sibi

311 970 315 983 ·
366 938 554 1010 victoriam
577 937 695 1010 forsan
722 961 886 1033 arrogare
914 938 1099 1037 potuisset.
1130 939 1200 1010 Sed
1223 940 1325 1036 quia,
1354 940 1428 1013 ad-

366 1067 635 1152 vesperascente
652 1052 729 1143 die,
748 1053 822 1150 ipse
837 1077 919 1124 cum
935 1053 1075 1151 paucis,
1095 1054 1157 1150 qui
1175 1053 1242 1126 sibi
1262 1080 1428 1153 perman·

366 1184 501 1261 serant,
527 1167 736 1240 Corbolium
753 1182 805 1240 cst
829 1168 1022 1268 profectus,
1048 1171 1322 1266 Burgundiones
1340 1197 1426 1244 vero

365 1287 402 1358 in
425 1286 497 1356 suis
520 1286 642 1358 castris
663 1310 746 1356 cum
767 1310 833 1357 suo
857 1285 986 1356 comite
1006 1285 1052 1357 de
1073 1286 1273 1376 Charolois,
1296 1301 1330 1358 et
1353 1301 1429 1359 tota

366 1416 472 1473 nocte
499 1415 534 1472 et
559 1405 721 1498 sequenti
748 1401 805 1474 die
830 1402 957 1492 etiam,
980 1415 1277 1500 permanserunt,
1303 1401 1385 1473 ideo
1407 1425 1429 1474 a

368 1517 488 1590 multis
509 1517 700 1590 coloratius
722 1519 895 1608 victoriae,
918 1516 999 1589 licet
1018 1542 1092 1588 non
1116 1518 1327 1608 incruentae,
1347 1517 1428 1588 titu-

368 1633 425 1706 lus
438 1649 473 1706 et
486 1633 672 1706 honoreis
685 1634 815 1707 delerri
833 1634 985 1704 videtur.

417 1754 456 1821 ln
474 1775 518 1822 eo
532 1750 653 1849 prelio
668 1750 735 1822 luit
753 1751 789 1822 in
810 1764 953 1846 gutture
969 1731 1175 1844 vulneratus
1195 1749 1271 1846 ipse
1288 1748 1429 1820 illustris

368 1891 490 1939 comes
500 1866 545 1938 de
560 1866 755 1958 Charolois,
767 1867 829 1963 qui
840 1867 876 1937 in
890 1889 1081 1964 congressu
1094 1878 1201 1962 atque
1213 1865 1427 1957 interventu,

371 2006 445 2053 non
473 1981 584 2052 modo
601 1981 720 2071 ducis,
740 1981 802 2054 sed
820 1981 1055 2054 strenuissimi
1078 1982 1184 2053 etiam
1210 2005 1342 2052 munus
1363 1981 1431 2051 mi-

369 2097 439 2169 litis
456 2097 598 2194 egebat.

418 2217 498 2284 Non
516 2211 668 2284 dubium
684 2237 788 2300 vere,
808 2213 837 2286 si
851 2239 911 2289 rex
927 2238 1006 2286 suas
1023 2213 1203 2313 pedestres
1214 2214 1337 2313 copias
1348 2239 1432 2286 cum

369 2329 533 2402 curribus
549 2344 584 2401 et
600 2330 775 2403 machinis
792 2355 914 2402 secum
927 2329 1131 2423 habuisset,
1149 2313 1432 2429 mansissentquc

370 2447 533 2542 equitum
560 2459 685 2518 turmae
712 2470 801 2544 quas
830 2472 913 2519 curn
946 2447 1078 2518 comite
1109 2449 1363 2520 cenomanniae
1397 2465 1433 2522 et

371 2562 522 2633 domino
540 2561 585 2633 de
602 2561 868 2634 Monte-Albani
887 2561 1007 2658 lugam
1027 2562 1204 2660 accepisse
1222 2563 1430 2652 retulimus,

371 2677 459 2775 quin
482 2678 656 2749 exercitus
682 2676 977 2774 Burgundionum
1003 2675 1238 2748 verisimiliter
1263 2702 1433 2774 magnum

372 2794 561 2866 discrimen
585 2792 965 2882 irrcurrisset.·Quibus
989 2807 1109 2864 tamen
1130 2793 1160 2864 si
1182 2795 1344 2867 britones
1361 2819 1435 2868 ma·

371 2922 449 2980 ture
472 2935 509 2980 se
524 2911 740 3006 junxissent,
760 2933 844 2979 cum
867 2932 986 3004 regern
1004 2924 1251 3006 cognoverunt
1266 2935 1328 2981 eos
1349 2935 1434 3009 pro·

372 3048 497 3123 pecare
510 3023 673 3120 aggredi,
691 3023 928 3096 verisimiliter
944 3025 1087 3120 integrae
1100 3026 1192 3098 vires
1203 3025 1332 3098 militiae
1344 3028 1435 3123 regis

373 3141 535 3213 sufficere
560 3139 708 3210 minime
734 3157 797 3214 aut
821 3139 1011 3212 difficulter
1034 3141 1192 3238 utrisque
1218 3143 1432 3240 potuissent;

362 3256 436 3328 'sed
454 3258 520 3355 ipsi
539 3256 717 3344 Britones,
737 3255 825 3327 dum
845 3255 892 3328 ad
908 3271 1089 3328 certamen
1113 3272 1148 3329 et
1172 3258 1333 3355 praelium
1347 3282 1437 3329 con-

373 3390 515 3437 currere
528 3364 749 3450 debuissent,
767 3367 850 3437 satis
866 3365 1002 3464 perlide
1016 3381 1049 3436 et
1064 3366 1300 3462 ignominiose
1312 3389 1350 3436 se
1362 3391 1438 3462 ege-

373 3496 471 3553 runt.
498 3472 593 3554 Cum*
618 3484 732 3572 enim,
765 3481 981 3554 adventante
1009 3507 1091 3579 rege
1116 3482 1161 3554 ad
1192 3482 1437 3554 invadendum
1470 3485 1472 3489 ’

372 3597 659 3694 Burgundiones,
674 3614 790 3672 castra
808 3624 873 3696 sua
886 3597 1061 3671 haberent
1078 3598 1124 3668 ad
1142 3613 1299 3695 quatuor
1318 3599 1437 3670 leucas

372 3740 486 3814 prope
503 3715 623 3788 locum
646 3741 721 3814 quo
739 3717 900 3815 praelium
922 3728 1128 3788 consertum
1146 3729 1218 3803 est,
1235 3715 1302 3813 ipsi
1324 3697 1439 3786 castra

373 3848 557 3905 moventes
572 3859 685 3931 usque
706 3835 752 3906 ad
770 3848 907 3933 septem
929 3833 1049 3905 leucas
1066 3830 1146 3902 loco
1164 3832 1368 3904 certaminis
1384 3856 1439 3902 re-

372 3954 644 4024 trocesserunt¹.
674 3955 715 4022 Et
740 3965 879 4044 tamen,
900 3974 1026 4022 eorum
1054 3970 1174 4038 causa,
1194 3949 1269 4048 ipse
1294 3948 1439 4021 illustris

416 4134 444 4190 l.
461 4133 484 4191 ll
502 4146 545 4192 est
564 4129 690 4212 possible
710 4152 767 4211 que
788 4132 830 4192 les
848 4138 969 4192 Bretons
985 4131 1064 4190 aient
1080 4131 1130 4188 sair
1148 4149 1186 4187 un
1202 4141 1389 4198 mouvement
1402 4148 1439 4188 eu

372 4221 482 4282 arrierc
499 4223 644 4302 lorsqu'ils
659 4236 759 4282 surent
772 4222 940 4303 l'approcbe
954 4221 993 4280 du
1011 4220 1070 4294 roi;
1087 4218 1159 4279 mais
1173 4240 1248 4298 pour
1262 4219 1312 4277 srir
1324 4217 1361 4276 ils
1374 4216 1439 4276 n’e'-
