3384 5184
677 467 786 528 LIBER
815 465 1017 528 SECUNDUS.
1321 467 1379 525 tte

317 621 399 668 rum
420 595 670 695 pertinaciam,
691 598 771 695 qui,
797 600 982 672 temerarie
1006 599 1112 671 nimis
1132 598 1381 698 proximorum

316 712 456 809 ignotas
477 713 527 784 eis
554 713 791 785 conscientias
812 713 1035 809 judicantes,
1060 714 1195 813 absque
1216 712 1290 788 ullo
1312 714 1381 788 de-

316 827 410 900 lectu
433 827 597 900 omnium
621 830 828 928 principum
852 829 945 902 illius
968 831 1146 904 societatis
1170 831 1261 904 facta
1291 855 1380 904 con·

316 931 491 1017 demnant
505 971 513 1014 :
533 969 688 1018 asserere
702 944 887 1033 audentes,
901 946 958 1019 vel
970 947 1070 1044 quod
1080 947 1214 1019 nullius
1227 948 1380 1020 intentio

233 1059 244 1070 “
315 1075 413 1134 recta
433 1060 539 1132 fuerit
561 1076 596 1134 et
613 1061 720 1158 justa,
749 1063 805 1134 vel
828 1063 957 1149 etiam,
977 1071 1053 1135 esto
1079 1063 1180 1160 quod
1204 1062 1302 1135 bona
1325 1065 1379 1136 vel

316 1192 412 1250 recta
433 1176 536 1249 initio
558 1177 690 1270 fuerat,
711 1177 759 1249 ob
777 1175 849 1249 hoc
865 1193 987 1251 tamen
1003 1180 1122 1278 ipsum
1143 1176 1244 1276 quod
1263 1193 1379 1277 coepta

315 1291 413 1386 bona
429 1292 631 1366 intentione
648 1292 695 1366 ad
711 1292 892 1365 salubrem
908 1292 1111 1392 reipublicae
1128 1292 1281 1366 fructum
1301 1317 1380 1392 per·

196 1395 203 1408 ⁸
314 1408 468 1501 ducere,
493 1407 764 1499 nonnullorum,
775 1407 939 1481 obstante
955 1407 1127 1508 perfidia,
1154 1410 1301 1482 minime
1317 1433 1378 1481 va·

314 1524 476 1612 luerunt,
503 1549 630 1597 omnes
647 1549 774 1598 eorum
796 1537 947 1598 conatus
962 1525 1085 1623 injusti
1103 1540 1138 1598 et
1156 1524 1379 1598 damnabiles

314 1643 524 1715 exstiterint.
542 1647 614 1714 Nos
629 1643 740 1732 enim,
759 1642 850 1714 sicut
857 1642 903 1714 od
912 1656 1049 1715 certum
1062 1641 1108 1713 de
1122 1667 1250 1714 eorum
1263 1643 1379 1714 inten-

297 1749 473 1832 tionibus
496 1758 658 1857 judicare
682 1783 758 1830 non
782 1783 974 1859 possumus
993 1755 1060 1854 (de
1083 1756 1214 1855 quibus
1236 1772 1375 1848 tamen,

313 1875 419 1948 nobis
435 1899 510 1948 non
528 1875 610 1947 satis
629 1875 744 1966 notis,
772 1876 809 1946 in
831 1874 1018 1946 meliorem
1037 1887 1175 1972 partem
1191 1873 1379 1970 benignius

313 1990 603 2088 praesumimus),
630 1991 678 2062 ita
698 2015 764 2062 nec
788 2015 915 2062 eorum
937 1989 1050 2080 facta,
1076 1989 1260 2088 supposita
1281 2003 1378 2060 certa

313 2122 349 2180 et
366 2123 489 2182 sancta
503 2109 720 2200 intentione,
737 2106 836 2181 bona
851 2123 958 2206 atque
973 2107 1185 2199 laudabilia,
1205 2107 1377 2180 condem·

311 2249 398 2298 nare
417 2251 629 2326 possumus,
657 2251 700 2298 ex
725 2250 770 2297 eo
797 2225 916 2296 solum
932 2223 1031 2322 quod
1051 2238 1193 2296 tantum
1211 2223 1373 2318 bonum,

311 2356 488 2439 quantum
505 2339 740 2413 intendebant
760 2353 797 2412 et
818 2339 995 2427 zelabant,
1018 2338 1189 2438 perficere
1206 2341 1376 2437 nequive-
1445 2367 1451 2380 ’

312 2471 409 2554 runt.
430 2455 610 2554 Alioquin,
629 2469 671 2526 ut
681 2454 849 2546 diximus,
865 2455 1048 2526 nationem
1064 2468 1100 2526 et
1116 2453 1256 2527 inlinita
1268 2455 1377 2528 bene·

311 2571 404 2645 sacta
419 2571 576 2645 filiorum
593 2571 659 2644 Dei
674 2568 797 2668 (quod
812 2568 921 2666 absit)
937 2568 1132 2669 reprobare
1145 2583 1184 2642 et
1201 2571 1375 2643 condem-

311 2713 398 2764 nare
421 2713 644 2789 cogeremur.

673 3036 929 3107 carnutum
961 3037 1022 3106 lll.

364 3245 563 3320 Angnmentatio
574 3261 667 3298 eorum
677 3243 722 3314 qui
735 3243 888 3317 principum
898 3243 1079 3297 universaliter
1087 3256 1157 3314 geste
1168 3225 1321 3316 improbant

475 3374 478 3381 .
556 3338 582 3379 et
592 3324 736 3392 damnant,
752 3342 810 3396 quc
826 3325 973 3378 rationibus
985 3323 1123 3378 refellitur.

352 3507 428 3592 ,Sed
442 3507 598 3599 subditi,
623 3507 809 3603 inquiunt,
838 3520 874 3576 et
890 3503 1034 3608 vassalli
1048 3519 1150 3577 erant
1163 3503 1373 3602 hujusmodi

309 3629 506 3728 principes,
533 3639 570 3698 et
585 3624 701 3698 caeteri
718 3623 779 3721 qui
797 3623 847 3694 eis
870 3621 1124 3712 adbaerebant3
1156 3624 1289 3721 quibus
1304 3624 1373 3695 mi-

251 3811 254 3826 ,
308 3744 406 3824 nime
420 3742 551 3816 licebat
563 3741 601 3812 in
618 3765 740 3837 regem
755 3763 860 3810 suum
875 3752 910 3809 et
922 3737 1112 3812 dominum
1127 3741 1226 3814 ar'ma
1239 3739 1369 3830 levare,

309 3872 372 3934 aut
390 3884 472 3931 eum
493 3857 670 3955 corrigere
686 3854 790 3928 velle.
811 3852 951 3942 Quibus
969 3854 1230 3952 respondemus
1243 3843 1298 3926 ab
1323 3855 1373 3927 eis

283 3965 285 3970 ⁵
308 3978 549 4075 inquirentes,
567 3999 612 4047 an
627 3971 683 4046 vel
698 3971 764 4072 ipsi
784 3971 821 4042 in
843 3971 926 4042 navi
939 3970 1060 4068 aliqua
1072 3987 1189 4044 essent
1203 3971 1373 4045 conducti

308 4106 501 4193 apatrono
521 4105 557 4162 et
579 4090 730 4164 domino
747 4087 867 4174 navis,
895 4089 951 4161 vel
976 4090 1084 4162 etiam
1106 4085 1216 4187 ipsius
1237 4112 1388 4170 verna-,

308 4209 380 4283 culi
396 4231 460 4281 seu
475 4221 573 4280 certa
592 4205 771 4304 mancipia
795 4220 934 4297 essent,
963 4205 1023 4302 qui
1050 4204 1220 4304 dominus
1236 4205 1292 4278 vel
1312 4233 1373 4308 pa-
