3322 5172
721 173 745 248 t·
865 145 869 150 ’
1002 180 1103 262 aa.

363 451 420 510 392
628 439 885 508 msronmturt
904 445 1083 506 Luoowcl
1101 447 1145 507 xl

616 730 618 740 ⁴
651 727 652 732 ’
711 707 964 777 carlrtttttlt
990 707 1065 776 Vll.

421 879 849 954 ngaupsmgemaavmu·
861 897 950 950 regem
963 877 1073 944 sicus,
1087 879 1248 933 amenum
1263 895 1355 946 suum,

657 975 684 1014 ct
696 959 821 1014 adversus
833 958 929 1013 ducem
942 958 976 1013 de
990 965 1122 1013 Nemours.

409 1137 483 1233 Hac
498 1144 617 1203 autem
633 1143 796 1227 suscepta
819 1130 923 1202 ruina
945 1155 967 1203 a
984 1130 1283 1228 burgundionum
1307 1129 1418 1220 duce,

360 1251 422 1348 qui
438 1260 585 1348 perante
599 1269 674 1316 non
689 1244 801 1317 modo
814 1249 1034 1318 Francorum
1055 1247 1146 1342 regi,
1164 1245 1227 1318 sed
1251 1245 1422 1318 omuibus

360 1368 466 1440 etiam
480 1362 638 1435 finitimis
651 1362 779 1434 terrori
794 1375 885 1454 erat,
904 1375 939 1434 et
955 1361 1052 1434 velut
1064 1361 1312 1462 insuperabilis
1323 1361 1421 1436 bello

360 1506 382 1554 a
403 1479 565 1580 plurimis
590 1475 795 1582 putabatur,
826 1501 902 1549 non
925 1474 1025 1548 dictu
1047 1491 1101 1549 est
1123 1476 1224 1549 facile
1248 1491 1421 1575 quautam

360 1595 446 1672 inde
474 1607 690 1693 acceperunt
721 1592 879 1666 laetitiam
906 1591 1032 1691 populi
1059 1594 1160 1690 regni
1181 1597 1420 1684 Francorum,

360 1712 463 1811 quasi
477 1711 648 1783 divinitus
664 1708 710 1781 ab
726 1709 966 1781 infensissimo
983 1707 1087 1780 hoste
1105 1733 1174 1780 suo
1190 1708 1279 1780 ultio
1298 1733 1423 1808 repos-

361 1829 432 1902 cita
455 1825 588 1898 luisset.
609 1823 714 1895 Unde
739 1823 776 1893 in
800 1821 964 1920 pluribus
986 1820 1137 1896 urbibus
1153 1836 1189 1894 et
1211 1821 1299 1896 locis
1321 1825 1424 1920 regni

362 1965 498 2039 magnae
511 1937 685 2011 iudicium
702 1936 827 2009 laetitiae
843 1952 877 2010 et
894 1937 1151 2010 consolationis
1168 1937 1421 2030 ostenderunt3

361 2059 470 2132 etiam
493 2058 592 2154 ignes
619 2069 655 2128 et
677 2055 771 2126 faces
794 2053 938 2152 publice
954 2054 992 2127 in
1017 2053 1143 2153 plateis
1157 2053 1421 2144 accenderunt,

361 2173 494 2246 choros
510 2187 545 2244 et
561 2169 726 2244 convivia
744 2194 827 2243 cum
844 2169 1024 2242 alacritate
1041 2193 1172 2268 magna
1188 2168 1340 2268 proinde
1358 2169 1423 2244 du·

361 2303 481 2362 centes
502 2312 544 2360 ac
569 2286 750 2360 facientes.
770 2289 842 2357 Nec
858 2286 998 2358 minore
1018 2284 1136 2358 laetitia
1152 2311 1214 2358 rex
1227 2287 1303 2384 ipse
1317 2291 1427 2364 Fran·

361 2429 489 2476 corum
513 2402 675 2503 perfusus
701 2401 807 2474 luisse
829 2400 1031 2474 credendus
1054 2415 1125 2494 est,
1153 2401 1235 2499 qui,
1256 2425 1340 2474 cum
1359 2427 1425 2500 per

363 2543 643 2618 regnum,suum
674 2518 796 2615 copias
818 2541 898 2589 suas
923 2541 1024 2615 paene
1054 2539 1181 2588 omnes
1207 2515 1423 2614 Lugdunum

364 2660 477 2734 usque
492 2647 528 2708 et
544 2657 644 2707 oram
662 2631 847 2704 Sabaudiae
860 2630 1089 2724 traduxisset,
1109 2630 1236 2705 exinde
1255 2646 1425 2705 eventum

363 2751 447 2824 belli
463 2751 593 2825 velute
610 2749 780 2849 spelunca
799 2747 1081 2846 praestolabatur,
1097 2748 1198 2821 ducis
1216 2750 1425 2822 animosita-

363 2882 437 2952 tem
455 2891 529 2938 non
546 2865 610 2940 abs
624 2889 663 2938 re
676 2865 821 2955 veritus,
837 2863 900 2936 ubi
915 2863 996 2938 felix
1011 2866 1179 2958 victoria,
1197 2891 1298 2964 acque
1314 2881 1355 2938 ut
1366 2866 1423 2938 in-

365 2981 478 3056 fausta
495 2982 598 3055 ruina
614 2979 682 3054 sibi
695 2979 930 3080 provenisset.

414 3097 486 3170 Sed
500 3122 576 3170 non
594 3095 735 3169 interim
753 3118 915 3188 prorsus,
935 3094 1022 3167 dum
1035 3096 1113 3170 haec
1126 3098 1174 3170 ita
1187 3098 1280 3170 inter
1294 3096 1424 3170 ducem

366 3226 400 3283 et
419 3213 599 3285 Suitenses
621 3223 841 3307 gererentur,
865 3233 926 3281 rex
945 3211 1021 3310 ipse
1043 3211 1204 3285 feriabat.
1231 3216 1321 3284 Nam
1341 3237 1426 3285 cum

365 3327 591 3401 intellexisset
607 3326 662 3398 vel
679 3323 875 3422 suspicatus
890 3325 1025 3419 luisset,
1041 3352 1104 3400 seu
1115 3328 1223 3402 etiam
1234 3327 1427 3401 confinxis-

364 3455 433 3531 set,
454 3466 575 3538 regem
592 3445 767 3513 Renatum
784 3440 927 3535 Siciliae,
949 3443 1167 3516 avunculum
1191 3465 1315 3538 suum,
1334 3444 1425 3517 velle
1469 3441 1474 3450 ’

365 3557 505 3630 tradere
523 3557 607 3629 duci
623 3557 834 3630 comitatum
849 3583 955 3630 suum
969 3561 1164 3634 Provinciae
1173 3615 1183 3649 ,
1204 3562 1241 3633 in
1258 3584 1331 3658 quo
1348 3576 1426 3633 tum

365 3673 532 3773 degebat,
558 3688 699 3748 retento
717 3673 789 3746 sibi
815 3673 994 3771 ejusdem,
1011 3676 1134 3774 quoad
1157 3677 1309 3768 viveret,
1337 3701 1427 3750 usu·

367 3790 521 3886 fructu·¹,
543 3791 657 3864 voluit
677 3806 815 3890 partem
841 3778 1028 3892 copiarum
1048 3818 1195 3869 suarum
1217 3796 1253 3867 in
1279 3796 1437 3867 Provin-·

409 3995 439 4049 1.
462 3991 501 4050 Ge
525 3988 619 4069 proiet
642 3988 711 4050 ttait
740 3991 892 4064 tres-rdel,
921 3991 1032 4071 malgre
1056 3990 1249 4051 l'incrddulite
1274 3989 1429 4070 qu’affecte

367 4076 502 4141 l’auteur.
518 4079 589 4138 Voir
604 4077 646 4139 les
659 4077 761 4137 details
773 4078 1066 4144 trba-circonstancids
1080 4080 1191 4140 donnes
1207 4083 1270 4140 iace
1284 4081 1359 4155 sujet
1374 4101 1428 4161 par
1474 4093 1482 4108 ¹

368 4164 503 4246 Philippo
521 4165 558 4228 de
570 4168 745 4244 commines,
760 4167 782 4230 l.
797 4172 833 4243 V,
849 4191 875 4228 c.
893 4191 928 4233 n.
