3384 5184
603 523 714 578 LIBER
741 521 947 580 SECUNDUS.
1248 523 1307 579 tta

247 655 301 727 los
319 654 364 728 ad
381 657 495 728 Deum
513 655 726 752 dirigamus,
746 654 1052 752 quemadmodum
1070 655 1243 754 scriptum
1258 655 1310 730 le-

248 775 363 871 gimus
379 779 423 846 ΙΙο
439 774 767 874 Paralipomenum,
784 783 843 847 xx⁰
856 802 936 876 cap.

297 890 396 962 Tales
406 890 515 987 igitur
528 905 742 982 conventus,
756 891 801 963 ad
814 891 1077 963 retundendam
1091 893 1311 990 impietatem

249 1031 310 1078 seu
329 1007 556 1102 tyrannidem
574 1006 721 1104 alicujus
737 1008 829 1103 regis
848 1022 910 1079 aut
928 1007 1172 1104 imperatoris,
1193 1007 1311 1083 asub·

248 1120 330 1192 ditis
350 1123 630 1194 existimaremus
643 1123 902 1195 rationabiliter
919 1148 1023 1221 posse
1042 1121 1139 1212 fieri,
1166 1119 1228 1194 ubi
1249 1137 1309 1194 su-

248 1238 371 1335 perior
400 1237 528 1336 aliquis
563 1263 639 1310 non
675 1253 788 1330 esset,
817 1238 915 1336 apud
946 1263 1054 1336 quem
1082 1239 1141 1313 via
1169 1239 1312 1336 justitiae

250 1352 451 1424 remedium
474 1355 627 1427 inveniri
650 1369 789 1453 posset;
813 1354 925 1426 sedet
942 1369 1028 1427 tunc
1043 1379 1117 1426 non
1135 1353 1221 1427 alias
1244 1355 1311 1426 nisi

251 1483 410 1541 extrema
441 1485 593 1566 cogente
623 1455 859 1559 necessitate;
901 1484 964 1562 et,
1003 1469 1312 1567 quemadmodum

252 1584 298 1655 ad
314 1584 493 1656 urendum
510 1585 567 1657 vel
585 1585 783 1658 secandum
801 1586 1004 1658 membrum
1020 1584 1181 1683 aliquod,
1198 1602 1238 1658 ut
1253 1589 1313 1658 Ci-

251 1725 334 1772 cero
353 1701 482 1798 inquit,
501 1714 588 1773 tunc
606 1701 811 1792 devenitur,
830 1701 893 1773 ubi
914 1717 1039 1774 caetera
1056 1702 1177 1773 omnia
1200 1701 1313 1774 medi·

251 1816 380 1889 cinalia
413 1818 572 1890 remedia
604 1818 776 1890 deliciunt
807 1819 864 1891 vel
891 1818 980 1890 nibil
1011 1819 1230 1918 proficiunt,
1266 1821 1315 1892 ita

252 1931 298 2002 ad
315 1931 409 2004 hanc
430 1933 523 2004 viam
540 1933 745 2032 reipublicae
761 1933 921 2032 periculo
938 1933 1168 2026 consulendi,
1197 1937 1227 2006 si
1250 1933 1315 2006 ali·

253 2046 401 2140 quando
423 2047 575 2120 subditis
596 2064 723 2121 contra
741 2047 890 2146 alicujus
907 2050 1135 2147 tyrannidem
1156 2063 1192 2119 et
1219 2049 1316 2122 saevi·

253 2164 338 2236 tiam
366 2166 612 2265 reprimendas
640 2166 745 2238 liceat
773 2165 965 2251 devenire,
994 2180 1080 2238 tunc
1106 2165 1254 2238 demum
1278 2165 1316 2237 id

252 2279 415 2352 fiendum
426 2297 531 2372 esset,
548 2283 610 2354 ubi
627 2282 725 2354 aliud
742 2282 941 2354 remedium
953 2282 1155 2354 humanum
1168 2282 1316 2354 minime

253 2413 466 2495 superesset.
492 2397 596 2469 Unde
621 2421 643 2469 a
664 2396 764 2469 nullo
785 2397 919 2496 culpati
949 2422 1110 2495 unquam
1137 2398 1242 2471 fuisse
1265 2399 1316 2470 le·

254 2529 385 2612 guntur
402 2513 642 2612 Agrigentini,
667 2513 728 2609 qui
748 2537 875 2584 omncs
894 2513 1110 2585 unanimiter
1127 2515 1164 2585 in
1182 2513 1316 2587 Phala-

255 2631 339 2722 rim,
359 2645 398 2702 ut
415 2631 538 2702 Cicero
554 2629 690 2726 inquit,
709 2617 765 2700 vel
784 2643 927 2700 senatus
948 2627 1175 2726 populusque
1198 2653 1316 2703 roma·

254 2773 343 2838 nus,
372 2749 433 2846 qui
460 2749 498 2818 in
525 2751 729 2838 Neronem,
756 2769 819 2818 seu
842 2744 902 2816 alii
928 2744 1183 2842 quamplurimi
1212 2743 1315 2818 liberi

255 2864 404 2963 populi,
430 2867 492 2963 qui
519 2865 556 2935 in
583 2862 715 2934 similes
732 2875 917 2959 tyrannos,
943 2883 1007 2931 seu
1024 2859 1180 2931 universi
1209 2859 1315 2932 simul

254 3005 317 3052 seu
333 2981 480 3078 quidam
497 3005 540 3052 ex
558 2980 643 3078 ipsis
659 2979 792 3058 caeteris
809 2975 1032 3065 audaciores,
1056 2991 1215 3048 extrema
1230 3001 1317 3075 pos-

255 3111 359 3168 cente
370 3077 595 3187 necessitate,
612 3097 690 3168 zelo
703 3095 847 3192 justitiae
859 3109 894 3166 et
906 3091 1123 3192 reipublicae,
1142 3094 1316 3193 impetum

256 3211 428 3284 lecerunt.
450 3213 561 3284 Omni
575 3212 672 3284 enim
689 3210 780 3309 juris
796 3210 946 3283 humani
964 3208 1152 3282 deficiente
1169 3211 1313 3306 auxilio,
1347 3280 1349 3287 .

256 3330 303 3402 ad
332 3330 423 3427 juris
450 3329 622 3406 naturalis
652 3328 811 3400 remedia
836 3326 956 3426 (quod
983 3340 1109 3398 contra
1135 3325 1319 3401 violentias
1348 3419 1349 3422 Ἴ

257 3447 450 3544 unicuique
465 3470 541 3518 sese
553 3444 747 3516 defendere
765 3458 799 3516 et
813 3443 888 3514 vim
902 3443 936 3514 vi
953 3442 1124 3540 repellere
1137 3442 1320 3541 concedit)

256 3563 377 3635 nullus
393 3587 487 3634 sanae
505 3563 633 3633 mentis
655 3561 837 3658 negaverit
857 3560 992 3632 recurri
1009 3584 1127 3659 posse.
1148 3561 1202 3634 Ad
1218 3562 1319 3660 quod

256 3683 380 3778 utique
407 3695 630 3752 recurrentes
654 3681 692 3753 in
719 3694 818 3756 tanta
834 3703 955 3750 rerum
973 3677 1185 3752 confusione
1203 3695 1238 3754 et
1254 3706 1320 3753 vo·

256 3800 380 3894 raginc
395 3797 564 3869 vitiorum
588 3797 680 3894 (ne,
710 3795 881 3894 patientia
903 3817 968 3866 sua
984 3808 1084 3868 muta
1099 3810 1136 3868 et
1152 3795 1317 3895 torpida,

257 3939 342 3986 cum
353 3912 588 3984 verisimiliter
600 3911 773 3984 obsistere
787 3935 892 4010 posse
904 3924 1087 4009 putentur,
1103 3936 1320 3984 consensum
1360 3953 1362 3958 ·

259 4045 312 4103 tot
333 4028 436 4102 malis
451 4044 618 4129 praestare
635 4025 858 4124 videantur),
878 4028 940 4125 qui
957 4027 1120 4128 prolecto
1137 4055 1204 4128 pro
1218 4027 1323 4126 justi-

258 4149 319 4240 tia,
332 4172 400 4247 pro
417 4144 594 4235 libertate,
611 4147 641 4216 si
660 4144 733 4216 fors
748 4145 824 4216 baec
841 4146 1009 4233 attulerit,
1028 4146 1234 4236 virtuosius,
1250 4146 1324 4220 lau·
1428 4220 1430 4224 .

259 4263 413 4338 debilius
431 4278 540 4363 atque
557 4260 747 4362 gloriosius
763 4263 1022 4336 occumberent
1037 4287 1148 4358 quarn
1165 4263 1207 4354 si,
1223 4265 1325 4336 omni

418 4400 443 4441 u
1147 4381 1166 4440 8
