3322 5172
419 455 423 467 t
472 434 481 467 t

360 591 419 646 too
632 585 888 644 fflsuuntluttu
907 579 1085 646 LUDOVICI
1105 587 1148 649 xl

720 853 973 924 CAPITULUM
998 854 1058 922 tx.

361 1048 479 1116 Qualiter
497 1045 570 1102 idem
590 1046 647 1102 dux
664 1049 820 1122 Nanccyurn
839 1047 1018 1120 recuperavit,
1033 1062 1059 1102 ct
1077 1048 1111 1102 de
1126 1050 1252 1121 engrntiis
1270 1050 1373 1122 magnis
1391 1050 1419 1102 in

395 1129 492 1200 quibus
508 1129 651 1201 implicitus
668 1141 723 1182 erat
741 1141 819 1198 atque
836 1127 958 1181 detentus
971 1141 1035 1182 tunc
1052 1130 1179 1200 temporis
1197 1129 1420 1203 Burgundionum

396 1209 461 1276 dux,
476 1203 567 1262 in'sua
579 1209 704 1262 exsistens
714 1204 880 1279 Burgundia;
894 1221 920 1262 et
930 1207 964 1261 de
974 1208 1154 1264 inobedientia
1166 1223 1192 1264 et
1209 1229 1346 1265 murmure
1359 1229 1420 1265 ruo-

395 1308 456 1342 rum
466 1286 635 1342 subditorum
645 1300 737 1342 contre
747 1306 784 1341 re.
889 1347 893 1354 Δ

410 1471 530 1564 Ipsum
556 1467 663 1564 igitur
692 1465 928 1562 Lotharingiae
956 1466 1028 1540 dux
1063 1468 1250 1543 obsidione
1282 1469 1418 1568 cingit,

361 1581 510 1654 collecta
541 1606 583 1654 ex
609 1582 702 1678 agris
727 1597 763 1654 et
782 1582 933 1654 castellis
958 1583 1213 1681 botharingiae,
1238 1609 1324 1657 cum
1349 1588 1422 1658 suis

362 1688 574 1763 militaribus
607 1691 714 1778 viris,
744 1690 974 1763 multitudine
1005 1693 1089 1764 satis
1119 1693 1278 1792 copiosa.
1311 1691 1420 1780 Quod

361 1830 446 1876 cum
463 1807 545 1879 satis
564 1806 700 1878 exiliter
716 1819 752 1876 et
765 1829 910 1879 annona
927 1821 964 1879 et
978 1809 1132 1881 militum
1148 1808 1311 1907 praesidio
1329 1823 1421 1882 essct

337 1947 339 1952 ·
361 1923 636 2020 praemunitum,
656 1945 732 1993 non
748 1921 901 1994 multum
917 1937 1023 2020 post,
1042 1922 1262 1996 deditionem
1279 1923 1393 1994 lecit¹.

328 2137 330 2140 Ι
410 2047 490 2114 Dux
509 2067 596 2115 vero
620 2041 834 2138 burgundiae
851 2067 933 2114 cum
951 2041 1057 2115 lratrc
1072 2068 1154 2137 suo,
1171 2042 1325 2116 Antonio
1341 2039 1424 2114 bas·

363 2156 486 2249 tardo,
505 2155 571 2228 has
587 2155 656 2227 sibi
670 2157 875 2252 ingruentes
888 2157 1011 2228 ruinas
1026 2157 1262 2256 contemplari
1276 2155 1424 2255 quidem

290 2301 294 2310 ·
361 2287 397 2345 et
412 2274 617 2376 prospicere
635 2288 795 2373 poterat3
813 2259 877 2345 sed
890 2297 1001 2371 parvo
1020 2272 1219 2346 admodum
1232 2272 1424 2345 collectitio

362 2389 473 2462 milite
497 2390 664 2490 stipatus,
693 2392 756 2489 qui
780 2390 1016 2465 verisimiliter
1035 2392 1074 2464 in
1098 2415 1291 2490 congressu
1307 2389 1354 2461 ad
1371 2389 1425 2460 fu·

362 2491 443 2603 gam
464 2508 605 2606 potius,
627 2531 736 2606 quam
754 2506 1014 2584 conserendam
1031 2531 1180 2581 manum
1197 2531 1281 2579 cum
1305 2505 1424 2594 hoste,

362 2624 521 2721 paratior
539 2638 615 2696 erat
632 2623 792 2714 futurus,
812 2649 880 2697 nec
894 2623 1054 2696 remedia
1066 2624 1152 2697 dare
1166 2679 1176 2719 ,
1192 2648 1260 2696 nec
1273 2621 1426 2694 obsessis

362 2742 555 2816 subvenire
569 2743 722 2818 valebat.
747 2748 831 2817 Erat
846 2745 981 2844 quippe
999 2767 1040 2814 ex
1062 2741 1305 2842 superioribus
1321 2737 1427 2812 cladi·

363 2862 431 2935 bus
453 2879 554 2940 totus¹
571 2887 672 2965 paene
700 2867 920 2939 exanimatus
942 2879 978 2938 et
1001 2862 1136 2939 viribus
1157 2863 1367 2952 exhaustus,
1390 2873 1427 2932 ct

365 2980 481 3078 (quod
499 3006 573 3054 non
592 3007 721 3082 parum
738 2982 919 3074 anxietati,
939 2979 1122 3053 formidini
1143 2994 1251 3077 atque
1266 2975 1426 3078 periculo

365 3097 457 3193 erat)
477 3097 637 3195 undique
654 3099 703 3171 ita
719 3099 822 3169 terris
837 3095 1025 3169 hostilibus
1042 3093 1259 3182 vallabatur,
1277 3108 1333 3185 ut,
1359 3117 1428 3165 nec

365 3235 385 3281 e
413 3213 619 3312 burgundia
647 3213 788 3312 uspiam
811 3211 1006 3310 proticisci,
1029 3212 1099 3286 nisi
1119 3211 1213 3284 ferro
1236 3210 1304 3284 sibi
1332 3211 1427 3282 viam
1471 3251 1476 3263 =

366 3330 542 3427 aperiret,
560 3354 628 3401 nec
646 3327 693 3404 ad
711 3351 797 3400 eum
813 3327 990 3427 quispiam
1006 3352 1049 3402 cx
1063 3327 1141 3404 aliis
1157 3330 1230 3402 suis
1245 3328 1346 3402 terris
1368 3349 1428 3398 ac-

366 3442 494 3520 cedere
511 3459 642 3544 posset.

418 3561 613 3658 Postquam
637 3559 733 3632 enim
759 3558 945 3634 infeliciter
967 3561 1082 3634 victus
1104 3561 1202 3661 apud
1223 3567 1346 3632 Moror
1352 3615 1364 3653 ,
1390 3560 1428 3662 in

368 3699 469 3750 suam
496 3675 737 3773 Burgundiam
762 3676 967 3775 aufugerat,
987 3678 1107 3750 statim
1122 3701 1187 3751 rex
1206 3675 1331 3750 videns
1353 3675 1429 3749 du-

369 3794 498 3867 cissam
514 3791 718 3884 Sabaudiae,
740 3817 902 3865 sororem
919 3817 1045 3888 suum,
1067 3811 1107 3866 ut
1123 3793 1425 3892 supradiximus,

371 3909 478 3984 luisse
495 3908 707 3997 abductam,
725 3911 875 3982 nominc
888 3926 1062 4010 nepotum
1081 3932 1231 3984 suorum
1245 3912 1429 3984 minorum

370 4029 493 4118 annis,
510 4026 618 4099 totius
635 4025 820 4099 Sabaudiae
836 4041 871 4099 ct
882 4026 1187 4099 Pedia-Montium
1204 4027 1340 4125 accepit
1356 4025 1430 4099 tui·

371 4133 506 4216 tionem
539 4157 575 4216 et
603 4141 918 4239 gubernationem,
935 4144 983 4216 ita
1007 4142 1108 4241 quod
1133 4145 1224 4240 regis
1253 4142 1425 4234 nomine,

411 4327 439 4386 l.
465 4323 517 4381 Fin
531 4322 567 4382 de
584 4320 746 4400 septembre
760 4324 848 4382 ltro.
