3014 5010
504 425 613 482 LIBER
634 425 784 482 PRIMUS.
878 459 881 466 ·
1135 427 1173 481 ‘tt

113 572 248 660 potest,
271 581 357 631 cum
377 556 414 628 in
435 579 546 653 regno
568 554 639 627 sint
656 555 784 647 duces,
808 558 976 647 comites,
993 528 1172 644 barones,

114 672 243 769 milites
254 670 444 745 acnobiles
459 694 559 769 paene
578 672 772 761 innumeri,
791 672 853 769 qui
868 672 978 744 saltus
992 670 1176 768 sylvasque

116 791 161 864 dc
188 790 334 890 proprio
356 788 573 886 patrimonio
601 787 737 861 babent
759 791 878 886 etqui
901 788 1056 861 venandi
1076 813 1176 861 exer-

116 904 206 983 citiis
222 905 259 974 in
280 904 414 976 eisdem
436 904 648 975 inconcusse
671 905 722 975 uti
745 919 996 994 assueverunt,
1017 917 1053 975 et
1065 904 1124 1000 jus
1142 904 1178 974 id

116 1021 244 1119 agendi
261 1019 376 1118 (quod
388 1021 541 1119 propriae
555 1019 748 1091 nobilitatis
762 1021 969 1093 exercitium
988 1023 1056 1119 est)
1073 1023 1179 1093 etiarn

117 1137 312 1237 expressim
333 1160 398 1234 per
418 1150 532 1208 cartas
552 1160 699 1207 suarum
719 1136 1025 1230 iuleodationurn,
1051 1151 1086 1208 et
1105 1139 1183 1209 aliis

118 1253 346 1355 apertissimis
360 1252 600 1346 documentis,
618 1253 807 1326 ostendere
824 1256 961 1353 possint
978 1281 1015 1327 se
1032 1253 1180 1328 habere.

119 1367 209 1456 Quis
222 1391 298 1439 non
312 1366 432 1439 videat
446 1380 581 1464 quanta
594 1370 639 1438 sit
651 1366 808 1439 edictum
824 1369 1032 1464 hujusmodi
1046 1371 1184 1442 ratione

119 1481 330 1574 subnixum,
359 1506 455 1579 quo,
489 1505 557 1580 pro
590 1480 668 1553 solo
698 1496 788 1554 nutu
817 1497 854 1554 et
882 1484 1184 1556 inordinatissima

122 1599 319 1691 voluntate,
334 1599 416 1695 jura
432 1587 660 1671 subditorum
676 1612 712 1668 et
725 1599 941 1696 patrimonia
957 1600 1186 1672 auferuntur?

123 1713 300 1789 Potuisset
315 1713 435 1785 forsan
456 1712 577 1810 aliquo
600 1711 799 1788 honestatis
815 1715 938 1788 colore
958 1713 1027 1786 tale
1043 1715 1088 1786 dc
1104 1716 1187 1787 endi

123 1830 300 1924 edictum,
320 1830 351 1901 si
367 1853 466 1902 raras
484 1842 520 1901 et
539 1831 683 1928 exiguas
697 1831 814 1928 sylvas
831 1829 1012 1928 saltusque
1029 1832 1189 1904 venatio-

124 1970 216 2020 num
234 1943 390 2045 [parum]
408 1945 535 2020 uberes
549 1971 609 2018 rex
629 1947 666 2019 iu
684 1971 750 2019 suo
769 1973 880 2044 regno
893 1947 1042 2019 haberet
1061 1948 1190 2046 (quan-

124 2084 249 2159 quam,
260 2085 329 2134 nec
340 2060 390 2134 ob
399 2061 451 2153 id,
460 2061 554 2157 juste
568 2063 651 2135 satis
667 2063 795 2135 salvari
810 2063 1015 2163 potuisset);
1028 2063 1092 2135 sed
1106 2088 1191 2135 cum

126 2201 192 2278 per
217 2201 365 2250 omnem
390 2177 543 2250 Galliam
563 2192 599 2250 ct
621 2180 825 2278 provincias
850 2182 949 2278 regni
970 2186 1192 2253 Francorum

129 2291 201 2365 sint
216 2293 379 2364 maximae
395 2306 432 2364 et
445 2292 622 2365 latissimae
633 2293 753 2390 sylvae,
764 2296 872 2366 variis
884 2297 1040 2368 serarum
1057 2297 1192 2369 refertae

131 2405 343 2503 generibus,
362 2421 399 2478 et
416 2420 487 2496 tot,
508 2408 608 2505 quod
622 2410 682 2490 virt
698 2407 901 2482 sufficerent
915 2413 1099 2483 numerari
1115 2437 1194 2511 quae

130 2521 176 2594 de
193 2522 342 2620 proprio
358 2522 451 2618 regis
467 2523 684 2621 patrimonio
703 2524 875 2596 exsistunt
893 2523 1015 2622 (quas,
1038 2527 1146 2598 etiam
1165 2528 1194 2597 si

131 2637 206 2735 ipse
222 2662 284 2708 rex
298 2639 532 2710 Matlrusalem
548 2653 703 2736 aequaret
714 2663 844 2729 annos,
857 2664 925 2711 nec
937 2639 1033 2711 aliud
1046 2664 1195 2740 prorsus

131 2766 251 2848 ageret
263 2776 372 2849 quam
389 2755 524 2844 venari,
542 2778 667 2825 omnes
683 2769 717 2825 et
734 2754 889 2850 singulas
906 2755 1119 2853 perlustrare
1136 2769 1197 2828 aut

132 2867 321 2939 exhaurire
338 2869 752 2941 venationibusminime
770 2869 929 2968 posset),
948 2896 1027 2968 quae
1045 2872 1194 2968 justitia,

133 3008 212 3080 quae
223 2983 383 3080 aequitas,
398 3009 477 3081 quae
492 2983 696 3057 humanitas
713 2987 817 3082 regis,
834 2987 1034 3058 innumeris
1046 2987 1198 3059 subditis

132 3099 206 3171 suis
219 3100 301 3196 jura
319 3100 637 3196 patrimoniorum,
659 3100 934 3173 commoditates
951 3117 1059 3199 atque
1075 3103 1199 3176 solatia

133 3214 268 3286 eisdem
292 3239 448 3305 annexa,
463 3240 542 3312 quae
561 3242 628 3287 nec
649 3216 717 3288 sibi
738 3216 785 3289 ad
804 3217 991 3289 utilitatem
1011 3219 1120 3291 ullam
1141 3245 1199 3290 ce·

135 3330 222 3404 dere
246 3333 400 3431 possint,
426 3358 502 3404 nno
527 3333 657 3426 verbo,
686 3360 753 3434 pro
780 3334 879 3406 nuda
905 3360 969 3407 sua
995 3336 1197 3426 voluntate,

136 3446 262 3518 tollere
278 3461 385 3545 atque
400 3448 587 3522 inhibere?
602 3450 751 3548 praelatis
766 3466 886 3523 autern
902 3453 1009 3523 etiam
1026 3452 1201 3523 universis

139 3561 319 3657 similiter,
349 3565 471 3662 quoad
495 3566 583 3656 hoc,
612 3565 844 3640 ecclesiarum
865 3594 1010 3641 suarum
1031 3571 1113 3666 jura
1134 3593 1200 3640 au·
1246 3579 1248 3583 ’

139 3676 251 3752 lerrel
272 3683 364 3753 Suut
384 3684 517 3756 etenim
534 3685 720 3782 permulti,
739 3686 801 3782 qui
817 3687 933 3783 sylvas
953 3687 1133 3783 saltusque
1156 3686 1202 3757 de
1235 3778 1239 3787 .

139 3824 286 3871 suarum
307 3803 525 3899 patrimonio
546 3803 775 3875 ecclesiarum
794 3802 944 3895 habent,
966 3820 1001 3877 et
1016 3805 1075 3900 jus
1096 3803 1201 3875 etiam

141 3915 298 3987 venandi
309 3917 346 3987 in
360 3917 542 3990 nonnullis
558 3919 664 4015 sylvis
680 3933 715 3989 et
729 3919 875 3990 saltibus
888 3921 1008 4016 regiis;
1029 3915 1202 3990 nonnulla

142 4031 250 4103 etiam
272 4045 410 4104 exstant
432 4036 663 4126 monasteria,
687 4059 794 4133 super
814 4034 1022 4132 hujusmodi
1041 4033 1202 4106 venatio·

143 4171 231 4218 num
258 4147 567 4246 piscationumque
591 4149 799 4223 utilitatibus
822 4153 857 4222 in
880 4150 1026 4223 saltibus
1046 4164 1082 4222 et
1103 4149 1204 4245 aquis
