3282 5168
587 561 698 636 cusu
725 559 910 634 QUARTUS.
1221 565 1279 622 ass

215 693 328 766 modo
339 699 362 788 ¹,
378 692 478 791 quod
496 692 567 766 illic
581 693 817 768 animadverti
834 717 899 766 seu
914 695 1079 768 aestimari
1092 698 1277 794 puniisset,

215 824 339 884 nomm
357 807 517 909 perfidia
533 822 596 882 aut
620 809 878 907 cujuscumque
898 811 1130 909 turpitudinis
1156 812 1212 886 vel
1235 813 1280 886 le-

216 952 298 999 vem
314 927 554 1025 suspicionem
570 927 769 1020 incurrere,
788 951 868 1024 quae
883 951 976 1000 verae
991 927 1170 1001 nobilitati
1185 955 1282 1002 exse·

215 1046 357 1120 orandae
371 1071 513 1146 semper
527 1060 564 1118 et
579 1044 832 1120 abominandae
846 1047 963 1118 solent
976 1049 1154 1120 exsistere.

265 1162 335 1236 Sed
347 1162 429 1234 licet
446 1162 496 1234 ita
512 1160 590 1234 fieri
607 1161 794 1235 decretum
810 1160 856 1234 ab
874 1166 1032 1260 Augusto
1048 1162 1152 1256 soret,
1167 1187 1215 1255 ea,
1225 1189 1282 1238 res

215 1292 337 1352 tamen
353 1279 573 1351 multitudini
589 1279 874 1372 Coloniensium,
891 1279 1069 1378 praecipue
1081 1279 1178 1380 apud
1191 1304 1283 1378 quos

215 1419 325 1469 naves
342 1409 378 1467 et
393 1392 492 1467 bona
509 1393 638 1468 abacta
653 1393 899 1487 servabantur,
918 1393 1152 1468 vehementer
1164 1394 1285 1496 displi-

215 1505 337 1606 cebat,
350 1510 426 1583 etsi
439 1509 608 1608 refragari
621 1510 843 1610 potuissent,
865 1511 988 1583 omnia
1008 1510 1104 1583 bello
1123 1510 1282 1606 misceri,

216 1651 325 1724 quam
348 1628 612 1700 restitutionem
641 1625 744 1720 fieri,
771 1627 892 1726 potius
916 1625 1126 1702 voluissent.
1154 1626 1283 1724 Unde,

216 1743 304 1816 dum
321 1768 430 1842 super
454 1743 619 1816 facienda
639 1742 864 1815 restitutione
884 1740 1005 1815 adbuc
1027 1758 1227 1818 conventus
1248 1759 1286 1817 et

216 1860 364 1932 consilia
381 1858 614 1954 haberentur,
630 1858 677 1932 de
693 1860 816 1932 castris
833 1862 1110 1954 Germanorum,
1125 1859 1285 1956 quodam

215 1976 314 2050 velut
328 1977 448 2049 surore
459 2001 523 2049 seu
541 1977 652 2050 nimia
666 1976 866 2048 temeritate
879 1977 1024 2070 insecti,
1038 1978 1200 2049 exierunt
1214 1978 1286 2049 cir·

215 2094 304 2169 citer
328 2093 581 2193 quadringenti
602 2094 670 2165 viri
692 2094 850 2192 pedites,
874 2095 947 2166 suis
970 2096 1132 2168 instructi
1154 2094 1283 2188 armis,

215 2211 277 2308 qui
291 2224 406 2284 castra
425 2210 744 2307 Burgundionum,
765 2211 829 2309 qui
845 2236 956 2311 parvo
971 2211 1159 2285 intervallo
1181 2237 1202 2284 a
1225 2236 1285 2286 oa·

216 2328 297 2400 stris
318 2329 544 2429 imperatoris
570 2327 771 2420 distabant,
800 2330 948 2428 propius
971 2343 1054 2400 sunt
1080 2329 1157 2401 ausi
1184 2353 1285 2401 acce·

216 2443 333 2518 dere¹.
352 2443 503 2517 Aiebant
518 2444 616 2517 enim
632 2470 671 2516 se
684 2443 777 2516 velle
793 2446 945 2542 experiri
962 2446 992 2516 si
1012 2444 1284 2541 Burgundiones

216 2563 282 2634 viri
294 2563 448 2636 animosi
460 2577 591 2652 essent,
610 2563 674 2659 qui
688 2562 738 2634 eis
751 2561 927 2634 auderent
938 2561 1123 2658 congredi.
1149 2563 1284 2632 Verum

216 2678 254 2751 id
276 2680 439 2779 profecto
461 2704 537 2752 non
558 2704 670 2777 parvo
693 2703 761 2750 suo
784 2678 1001 2754 detrimento
1025 2693 1109 2752 sunt
1133 2677 1283 2776 experti.

218 2795 316 2870 lllico
334 2799 432 2870 enim
455 2821 475 2868 e
501 2794 802 2894 Burgundionum
824 2795 948 2867 castris
973 2796 1194 2887 exsilierunt,
1223 2795 1287 2893 qui

217 2937 279 2986 eos
300 2915 338 2984 in
356 2925 543 2986 momento
560 2909 802 3002 trucidarunt,
824 2925 860 2982 et
881 2911 990 2983 armis
1011 2924 1047 2983 et
1067 2912 1286 2984 vestimentis

217 3028 407 3128 spoliatos,
427 3031 534 3102 etiam
546 3027 582 3098 in
596 3041 788 3127 prospectu
801 3051 969 3119 suorum,
989 3027 1106 3126 quiin
1124 3027 1195 3099 suis
1210 3052 1286 3102 ma·

217 3147 352 3219 nebant
373 3147 519 3238 castris,
547 3145 730 3243 expositos
750 3142 872 3217 bestiis
886 3159 997 3217 'terrae
1018 3158 1055 3216 et
1078 3141 1286 3218 volucribus

217 3265 299 3338 coeli
321 3264 439 3338 nudos
462 3263 697 3361 reliquerunt.
728 3260 837 3349 Quod
860 3261 1024 3361 prolecto
1050 3261 1184 3334 factum
1210 3285 1285 3334 esse

216 3380 375 3454 creditur
392 3381 438 3454 ad
455 3378 681 3478 disciplinam
696 3377 841 3478 publice
868 3376 1119 3470 sanciendam,
1140 3392 1181 3451 ut
1209 3403 1285 3452 non

218 3495 321 3570 lacile
348 3497 486 3587 caeteri,
520 3517 564 3565 eo
591 3492 751 3564 deterriti
776 3492 961 3591 exemplo,
994 3491 1132 3591 aliquid
1159 3509 1287 3567 contra

217 3614 368 3687 vetitum
379 3607 605 3710 imperatoris
620 3621 683 3680 aut
696 3607 772 3703 ejus
787 3608 1010 3702 mandatum,
1027 3611 1287 3682 contumaciter
1314 3613 1317 3622 '

218 3745 256 3804 et
282 3727 534 3802 inobedienter
559 3740 621 3797 aut
647 3737 780 3796 temere
806 3737 981 3796 attentare
1008 3740 1284 3823 presumerent,

218 3842 530 3942 quemadmodum
543 3841 593 3913 illi
607 3840 874 3940 praesumpsisse
888 3838 1112 3913 dicebantur.

268 3965 374 4035 Facta
392 3960 500 4056 igitur
518 3958 584 4031 luit
599 3957 777 4032 restitutio
797 3954 1002 4031 ablatoiuin
1021 3958 1107 4032 duci
1123 3960 1290 4054 Burgun-

259 4238 289 4295 l.
314 4234 461 4296 &mnodo
478 4230 550 4290 dans
563 4229 592 4290 le
604 4247 659 4288 ms.

260 4333 290 4389 2.
310 4333 351 4388 le
365 4329 404 4386 tt
415 4326 480 4402 juin
494 4328 585 4388 ttttt.
