3402 5186
367 503 406 564 86
642 500 899 560 utsrontanutt
918 501 1096 560 LUDOVICI
1114 503 1159 560 XI

283 665 289 680 ¹
366 635 434 710 sibi
461 637 498 708 in
523 633 650 708 eadem
667 657 747 707 arce
763 647 799 706 et
814 632 1000 731 adjacente
1017 635 1432 714 amoenissimo-terarum

366 751 478 843 saltu,
507 751 620 823 muris
646 749 809 844 vallato¹,
836 775 902 848 per
929 751 1071 841 omnia,
1097 750 1194 825 velut
1222 751 1432 853 inproprie

366 869 497 958 domn,
515 879 703 960 potestate.

415 982 483 1054 Ubi
504 1008 589 1055 cum
610 982 748 1080 aliquot
770 979 897 1053 diebus
918 980 1038 1054 luisset
1059 996 1277 1078 remoratus,
1300 986 1431 1059 iterum

364 1099 411 1173 ed
439 1097 745 1172 abbatis-Villam
772 1122 935 1170 reversus
966 1111 1031 1170 est.
1069 1102 1287 1196 Frequentes
1310 1117 1431 1175 autem

364 1217 512 1288 nuntios
529 1230 565 1288 et
585 1212 752 1312 epistolas
771 1212 971 1286 destinabat
990 1213 1034 1285 ad
1056 1216 1226 1288 comitem
1250 1215 1296 1288 de
1318 1224 1430 1288 War-

366 1332 468 1417 wiclz,
494 1331 557 1430 qui
587 1345 663 1402 tum
685 1329 861 1429 oppidum
883 1330 1010 1402 Calesii
1032 1355 1100 1429 pro
1128 1357 1210 1431 rege
1235 1331 1432 1429 Anglorum

367 1445 653 1539 administrabat,
681 1460 716 1516 et
738 1447 775 1516 in
798 1470 843 1517 eo
864 1445 1110 1540 consistebat²,
1131 1446 1325 1521 sollicitans
1347 1474 1432 1520 cum

364 1561 596 1636 vehementer
621 1576 656 1633 et
678 1561 861 1661 promissis
882 1559 1039 1634 alliciens
1064 1577 1172 1661 atque
1199 1560 1429 1653 muneribus,

365 1692 541 1777 quatenus
558 1677 604 1751 ad
621 1702 744 1750 secum
761 1676 987 1775 loquendum
1002 1679 1153 1752 veniret.
1173 1678 1244 1750 Sed
1261 1677 1350 1768 hoc,
1369 1703 1432 1752 seu

364 1795 495 1868 timens
518 1793 585 1868 sibi
609 1794 656 1868 ab
678 1792 836 1880 insidiis,
860 1817 922 1864 seu
945 1794 1103 1867 sinistras
1124 1819 1231 1894 posse
1251 1795 1434 1868 incurrere
1489 1799 1496 1808 '

366 1911 556 1986 adversum
580 1934 618 1982 se
642 1895 886 2008 suspiciones,
914 1932 994 2005 quae
1018 1909 1055 1980 in
1082 1910 1211 1982 animis
1237 1910 1433 2009 Anglorum

366 2027 469 2100 facile
483 2025 619 2099 oboriri
635 2025 853 2124 potuissent,
874 2022 912 2095 id
927 2037 1004 2095 tum
1024 2025 1171 2098 minime
1188 2025 1318 2098 effecit.
1338 2031 1434 2099 lnter

367 2142 546 2240 agendum
566 2165 655 2213 vero
676 2154 712 2212 et
731 2138 937 2238 aliquorum
953 2164 1099 2212 cursum
1120 2140 1279 2228 dierum,
1302 2142 1435 2240 quibus

367 2283 428 2332 rex
443 2255 695 2354 hujuscemodi
712 2256 878 2355 practicis
897 2255 970 2328 suis
985 2255 1186 2349 insistebat,
1207 2258 1380 2330 simulans
1396 2283 1434 2332 se

366 2399 432 2475 per
459 2373 621 2445 medium
645 2371 732 2444 dicti
756 2371 899 2444 comitis
924 2371 1015 2444 velle
1041 2396 1127 2444 cum
1152 2398 1234 2472 rege
1261 2388 1298 2447 et
1322 2397 1434 2471 regno

370 2489 564 2588 Anglorum
582 2512 710 2586 pacem
729 2487 871 2561 firmare
890 2502 999 2586 atque
1021 2488 1199 2582 stabilire,
1217 2490 1384 2562 voluntas
1401 2491 1433 2564 ei

367 2620 514 2704 repente
529 2604 675 2678 obvenit
687 2602 779 2677 velle
795 2603 918 2676 denuo
935 2603 1121 2703 praelatum
1135 2604 1433 2702 Burgundionum

367 2720 498 2794 ducem
531 2719 629 2821 apud
655 2743 761 2792 suum
792 2717 970 2818 oppidum
1001 2719 1047 2791 de
1072 2716 1228 2790 Hesdinc
1256 2719 1397 2793 visitare
1407 2723 1430 2793 ⁸.

369 2835 473 2910 Unde
486 2839 634 2912 nuntios
644 2836 691 2910 ad
703 2860 786 2908 eum
798 2834 1011 2924 destinans‘,
1025 2834 1093 2907 sibi
1110 2835 1304 2909 insinuavit
1315 2836 1431 2936 quod,

368 2952 536 3052 proximo
558 2952 633 3045 die,
655 2975 777 3024 secum
795 2949 842 3021 ad
860 2949 1054 3049 prandium
1077 2953 1232 3045 veniret,
1252 2967 1376 3052 petens
1395 2967 1434 3026 ut

369 3083 493 3169 parata
510 3067 633 3141 omnia
648 3067 855 3138 invenisset.
873 3066 982 3153 Quod
1001 3065 1139 3164 utique,
1167 3091 1243 3139 uon
1265 3067 1431 3162 dubium,

368 3184 532 3260 alacriter
555 3196 591 3255 et
616 3183 695 3255 laeto
718 3181 823 3254 valde
845 3183 966 3255 animo
989 3183 1065 3282 ipse
1085 3182 1159 3256 dur
1183 3183 1431 3283 adimplesset,

368 3301 437 3372 nisi
454 3300 672 3373 obstitissent
694 3322 789 3388 nova
812 3323 891 3396 quae
910 3298 1095 3400 inopinate
1114 3298 1182 3372 sibi
1209 3298 1256 3371 de
1274 3297 1349 3372 filio
1367 3324 1433 3372 suo

369 3433 404 3492 et
419 3419 466 3492 ab
482 3420 561 3520 ipso
578 3432 838 3519 provenerunt.

408 3629 437 3686 t.
461 3623 625 3685 chastelain
641 3624 755 3705 appelle
768 3645 802 3685 ce
814 3643 902 3704 parc,
916 3624 945 3685 la
958 3623 1033 3686 toret
1048 3625 1087 3684 de
1099 3627 1207 3703 Kersy.

409 3717 438 3774 2.
461 3715 621 3790 Warwicl,
636 3714 765 3794 quoique
780 3733 966 3796 gouverneur
980 3714 1017 3775 de
1027 3713 1138 3786 Calais,
1153 3734 1184 3773 se
1199 3714 1289 3774 tenait
1304 3715 1381 3775 elors
1397 3733 1435 3776 en

368 3807 551 3889 Angleteme.
566 3807 733 3867 seulement
751 3805 770 3864 il
791 3804 898 3866 resulte
910 3803 999 3864 d’une
1018 3805 1101 3865 lettre
1118 3803 1207 3864 ecrite
1220 3823 1274 3883 pur
1291 3823 1332 3864 un
1348 3816 1435 3886 agent

368 3895 495 3978 anglais,
509 3893 580 3972 qu'il
595 3895 673 3954 avait
687 3893 797 3974 promis
810 3892 847 3952 de
860 3887 945 3953 venir
958 3913 1010 3954 sur
1029 3895 1056 3954 le
1077 3894 1243 3970 continent,
1258 3893 1331 3955 mais
1351 3895 1372 3954 il
1384 3899 1436 3974 n'y

367 3986 432 4046 vint
445 3986 537 4066 point.
554 3984 623 4045 ulte
636 3989 765 4064 Dupont,
782 3986 948 4058 commines,
963 3995 984 4043 t.
1001 3985 1056 4059 111,
1073 4003 1104 4061 p.
1121 3984 1192 4043 212.

409 4079 439 4136 3.
461 4079 541 4136 Dans
556 4073 598 4134 les
611 4073 751 4153 premiere
764 4072 847 4148 jours
865 4069 1013 4131 d'octobre
1027 4074 1117 4132 rtet.

408 4168 438 4224 t.
462 4169 506 4224 De
533 4163 661 4236 dorion,
692 4165 709 4222 a
735 4161 780 4222 six
806 4161 897 4222 lieues
923 4158 961 4220 de
983 4159 1110 4236 Hesdin,
1135 4161 1175 4218 cu
1203 4159 1224 4218 il
1249 4159 1344 4220 s’etait
1370 4159 1435 4236 dtjt

366 4255 488 4316 evancc.
