3272 5182
420 543 479 598 194
696 538 952 598 fflsroatantttt
971 533 1151 596 Lunovtcl
1170 535 1215 596 XI

421 673 516 774 pinis
538 688 578 756 ,et
600 673 707 746 variis
731 672 944 770 injuriarum
975 669 1094 746 modis
1115 669 1275 744 affecisse
1302 684 1338 762 et
1364 670 1490 743 deho-

418 803 588 866 nestasse.

466 909 559 978 Cum
579 919 718 996 autem,
747 903 855 976 etiam
877 899 1008 974 talibus
1029 925 1104 974 non
1127 902 1308 997 contenti,
1334 925 1487 976 omnem

417 1045 519 1120 paene
544 1019 779 1118 temporalem
805 1017 948 1089 domini
969 1016 1025 1090 sui
1047 1016 1355 1114 jurisdictionem,
1382 1033 1418 1090 et
1446 1019 1486 1090 in

416 1136 572 1228 civitate,
591 1150 627 1208 et
644 1137 681 1207 in
699 1133 846 1232 singulis
860 1134 981 1231 patriae
997 1132 1100 1225 locis,
1113 1148 1152 1206 et
1167 1125 1399 1232 totum'paene
1412 1133 1485 1208 do·
1514 1219 1517 1224 ¹

415 1254 569 1326 minium
596 1272 769 1353 usurpare
794 1249 864 1322 sibi
889 1265 1129 1344 conarentur,
1156 1249 1229 1324 hoc
1257 1249 1486 1324 dissimulare

413 1369 563 1441 minime
578 1368 701 1442 valens
715 1367 775 1442 ille
791 1391 984 1465 generosus
999 1379 1037 1439 et
1050 1367 1302 1465 magnanimus
1318 1367 1374 1438 sui
1388 1391 1484 1464 pon·

412 1484 517 1558 tiliois
527 1486 688 1576 animus,
696 1485 778 1582 jura
791 1483 947 1559 ecclesiae
957 1507 1048 1576 suae,
1069 1498 1143 1555 tam
1161 1482 1357 1582 spiritualia
1369 1507 1485 1579 quam

411 1602 609 1694 saecularia,
637 1601 856 1699 injuriasque
882 1615 918 1672 et
946 1598 1013 1672 sibi
1035 1613 1071 1674 et
1092 1591 1174 1672 suis
1204 1599 1395 1695 irrogatas,
1421 1600 1484 1672 via

406 1718 497 1816 juris
520 1719 715 1793 defendere
746 1732 782 1790 et
809 1715 980 1816 prosequi
1007 1714 1156 1788 adortus
1182 1729 1248 1788 est.
1281 1718 1483 1788 Recurrens

312 1871 315 1882 ·
408 1833 530 1932 itaque
554 1834 601 1908 ad
627 1832 865 1935 apostolicam
888 1828 1029 1926 sedem,
1052 1831 1259 1929 procuravit
1283 1829 1328 1902 ab
1351 1829 1481 1903 eadem

408 1950 565 2054 legatum
579 1949 780 2039 destinari¹,
797 1947 860 2046 qui
873 1946 941 2020 sibi
956 1961 992 2018 et
1007 1946 1163 2018 ecclesiae
1178 1971 1251 2018 suae
1273 1946 1318 2018 de
1332 1947 1422 2044 juris
1444 1962 1483 2020 et

405 2066 549 2163 justitiae
564 2065 727 2140 remedio
741 2062 961 2165 provideret.
977 2063 1051 2150 Qui
1065 2062 1262 2136 adveniens
1282 2063 1329 2135 ad
1349 2061 1481 2136 urbem

408 2185 673 2273 Treverorum,
698 2183 853 2253 instante
874 2179 1063 2281 episcop0,
1085 2181 1384 2256 communitatem
1405 2207 1481 2256 suae

408 2294 559 2396 ciuitatis
576 2309 610 2366 et
626 2294 748 2392 patriae
763 2292 874 2364 totius
891 2290 958 2364 sibi
978 2290 1151 2365 rebellem
1171 2293 1273 2364 citari
1294 2307 1331 2364 et
1348 2318 1481 2367 conve·

407 2396 486 2492 ulie
502 2435 625 2484 coram
646 2434 685 2484 se
704 2409 837 2506 injure
856 2408 958 2499 feeit,
974 2408 1074 2506 juxta
1093 2407 1215 2482 datam
1236 2408 1304 2481 sibi
1321 2409 1479 2482 sormam

298 2531 302 2544 '
344 2623 349 2638 ,
374 2517 395 2564 '¹
406 2541 514 2626 atque
528 2541 755 2626 potestatem.
776 2530 842 2598 Per
854 2524 1023 2623 syndicos
1036 2526 1157 2624 itaque
1171 2528 1209 2598 in
1223 2527 1305 2624 jure
1319 2528 1479 2623 legitime

312 2679 326 2719 a
405 2657 654 2744 comparentes
675 2658 710 2715 et
735 2643 846 2741 ipsius
872 2640 1193 2743 sedisapostolicae
1217 2643 1345 2741 suique
1370 2643 1480 2742 legati

292 2745 302 2774 '¹
401 2761 642 2859 jurisdictioni
660 2783 697 2833 se
714 2758 980 2849 submittentes,
999 2772 1107 2856 atque
1122 2761 1173 2832 eis
1188 2783 1315 2858 parere
1333 2784 1478 2834 eorum-

406 2903 477 2976 que
498 2876 682 2951 sententiis
708 2888 743 2948 et
770 2875 922 2948 decretis
948 2899 1031 2948 cum
1056 2875 1222 2971 gravium
1244 2875 1478 2973 stipulatione

405 3019 595 3095 poenarum
619 2991 927 3092 repromittentes,
952 3015 1099 3066 causam
1120 3006 1246 3064 contra
1272 3015 1376 3064 suurn
1399 2993 1478 3091 epi-

405 3136 557 3211 scopum
573 3133 681 3210 super
698 3105 862 3207 capitulis
881 3107 1022 3179 circiter
1037 3108 1161 3206 viginti
1180 3121 1335 3204 quatuor
1350 3109 1475 3206 (super
1508 3127 1513 3134 ·

405 3228 536 3323 quibus
560 3250 623 3298 eos
644 3225 839 3322 impetens,
862 3222 907 3294 de
928 3223 1014 3324 ipsis
1031 3223 1263 3324 querebath
1282 3225 1474 3322 tranquille

406 3357 442 3414 et
458 3339 605 3441 pacifice
619 3339 709 3436 juris
725 3336 853 3410 ordine
870 3337 1139 3414 defendebam.

447 3567 477 3628 1.
499 3567 627 3624 Inexact.
643 3563 732 3624 Louis
746 3562 783 3622 de
795 3561 933 3623 Bourbon
944 3581 1112 3642 commenea
1125 3583 1179 3644 par
1187 3565 1262 3639 jeter
1273 3562 1412 3626 l'interdit
1423 3587 1474 3628 sur

407 3674 439 3715 sa
452 3651 521 3714 ville
535 3653 664 3729 (janvier
677 3657 789 3729 1463);
804 3655 869 3733 puis
881 3653 924 3712 les
937 3653 1069 3734 Liegeois
1080 3655 1159 3713 etant
1173 3655 1244 3715 alles
1262 3675 1293 3716 se
1306 3657 1473 3736 plaindrea

406 3749 511 3818 Rome,
526 3744 555 3804 le
567 3763 643 3825 pape
656 3743 765 3822 de'puta
780 3744 808 3803 le
825 3743 903 3822 legat
923 3743 995 3803 dont
1006 3742 1027 3801 il
1044 3755 1087 3804 est
1109 3745 1243 3823 question
1255 3745 1311 3823 ici,
1331 3745 1427 3825 lequel
1442 3767 1474 3807 se

405 3834 547 3895 nommait
558 3834 656 3894 Pierre
670 3834 790 3892 Ferricr'.
806 3831 951 3892 Adrianus
963 3830 1000 3891 de
1012 3833 1229 3910 Veteri-Bosco,
1240 3833 1312 3894 dans
1325 3835 1472 3912 l’Amplr's-

404 3928 477 3984 sima
490 3926 624 3999 collectio,
639 3935 661 3982 t.
677 3925 728 3999 IV,
743 3922 799 3982 col.
817 3923 906 3982 1258.

444 4019 474 4074 1.
497 4016 522 4075 ΙΙ
537 4015 600 4074 vint
613 4011 735 4074 d’abord
749 4010 1032 4089 adin-la·Chapelle
1046 4013 1091 4086 (31
1111 4031 1188 4073 mars
1200 4015 1290 4088 1463)
1311 4034 1386 4094 pour
1399 4013 1472 4076 faire

404 4104 447 4164 les
459 4101 661 4162 informations
676 4101 864 4166 necessaires.
881 4101 988 4160 Treves
1003 4100 1047 4160 fut
1059 4101 1086 4161 le
1098 4102 1157 4163 lieu
1172 4102 1211 4166 οὺ
1226 4103 1247 4163 il
1262 4123 1293 4164 se
1306 4117 1472 4186 transporta

405 4213 481 4274 pour
494 4211 659 4274 prononcer
672 4191 701 4251 la
714 4203 859 4251 sentence.
882 4189 1008 4266 Ibidem,
1021 4191 1078 4251 col.
1097 4193 1187 4253 ¹264.

447 4288 475 4344 3.
498 4281 678 4360 Defendebat
689 4281 760 4341 dans
773 4279 803 4340 le
812 4299 868 4343 ms,
1102 4279 1104 4284 ’
