3282 5168
392 523 451 582 stt
662 519 921 578 utsrotttttttut
941 520 1118 579 LUDOVlCl
1138 523 1181 580 Xl

440 658 604 744 Quorum
620 676 704 726 cum
717 675 801 751 pars
816 651 932 747 major
948 665 1059 724 noctu
1077 652 1285 746 introiisset,
1301 669 1337 727 et
1351 681 1395 728 ex
1411 681 1455 730 ea

392 785 493 872 parte
514 793 585 866 qua
610 769 734 842 civitas
758 767 905 840 minime
920 767 1111 840 obsidione
1136 767 1351 862 arctabatur,
1371 786 1455 844 tan-

391 901 465 960 tam
490 885 574 958 illuc
602 909 751 957 manum
774 883 988 956 confluxisse
1013 883 1285 980 Burgundiones
1307 887 1453 983 ignora·

391 1002 499 1096 bant,
521 1017 557 1074 et
572 1002 810 1076 existimantes
828 1024 867 1072 se
883 1023 988 1097 posse
1003 999 1140 1072 viribus
1156 1015 1192 1072 et
1203 1001 1311 1072 armis
1325 1001 1453 1074 urbem

392 1121 590 1217 irrumpere
603 1131 638 1189 et
654 1115 829 1204 obtinere,
848 1115 971 1188 denuo
988 1114 1036 1187 ad
1050 1115 1221 1188 insultum
1233 1130 1359 1188 contra
1370 1140 1453 1190 eam

393 1233 553 1308 dandum
567 1247 602 1305 et
619 1255 699 1305 eam
714 1232 751 1304 vi
759 1230 1033 1328 ingrediendum
1047 1245 1156 1328 atque
1169 1231 1452 1330 expugnandum

393 1363 565 1423 conatum
576 1347 747 1420 lecerunt.
761 1349 827 1418 Cui
838 1347 1039 1420 insistentes
1050 1347 1164 1446 operi,
1179 1345 1269 1418 dum
1280 1350 1455 1447 superatis

393 1463 487 1536 vallo
503 1487 545 1535 ac
561 1461 754 1554 moenibus,
782 1461 936 1534 liberum
960 1477 1067 1560 atque
1091 1461 1300 1559 expeditum
1324 1463 1393 1540 sibi
1417 1466 1454 1537 in

383 1603 475 1681 „pam
488 1577 625 1651 aditum
643 1592 829 1676 putarent,
853 1578 890 1650 in
908 1577 1089 1676 expeditas
1106 1578 1268 1675 equitum
1286 1578 1453 1654 adversa·

396 1696 533 1767 riorum
559 1694 652 1766 acies
677 1694 922 1784 incurrerunt,
941 1693 1005 1790 qui
1026 1717 1152 1766 eorum
1167 1694 1455 1792 opperiebantur

395 1836 479 1884 curn
497 1834 627 1906 magno
647 1809 802 1901 silentio,
821 1809 932 1881 veluti
948 1809 1055 1880 otiosi
1070 1823 1106 1880 et
1122 1809 1300 1900 lerientes,
1322 1811 1455 1908 ingres·

397 1953 490 2002 sum.
513 1931 582 1998 Eos
601 1939 720 1998 autern
737 1925 1016 1998 cum¹districtis
1030 1925 1265 1998 mucronibus
1279 1941 1314 2000 et
1330 1929 1455 2024 gladiis

396 2045 601 2142 caeterisque
621 2065 806 2114 armorum
821 2043 1065 2115 instrumentis
1080 2043 1308 2143 excipientes,
1322 2043 1455 2116 multos

397 2185 440 2234 ex
457 2160 543 2259 ipsis
558 2161 815 2257 peremeruut¹.

448 2285 560 2350 Porro
585 2301 669 2349 cum
695 2277 802 2348 talem
823 2276 1005 2348 sociorum
1028 2300 1176 2348 suorum
1201 2273 1380 2349 infelicem
1396 2303 1455 2352 ca·

398 2420 476 2470 sum
494 2409 603 2492 atque
620 2393 765 2466 exitium
791 2392 907 2464 caeteri
931 2391 1115 2483 viderent,
1145 2393 1207 2490 qui
1225 2393 1394 2465 nondum
1418 2395 1454 2466 in

398 2513 482 2585 talia
497 2523 709 2582 venatomm
726 2509 814 2581 retia
831 2507 1051 2600 inciderant,
1086 2523 1182 2581 retro
1207 2509 1338 2608 pedem
1365 2511 1425 2584 ref
1442 2553 1454 2568 ·

398 2642 529 2719 rentes,
547 2625 741 2698 consimilis
757 2624 943 2697 infortunii
959 2649 1003 2696 eo
1026 2625 1135 2696 modo
1156 2624 1354 2723 periculum
1373 2651 1455 2700 eve·

396 2758 533 2833 serunt,
553 2757 590 2816 et
612 2743 659 2817 ad
684 2757 820 2834 castra,
851 2743 953 2840 signo
979 2744 1139 2842 receptui
1163 2743 1270 2832 dato,
1298 2769 1376 2818 sese
1401 2771 1454 2819 re·

395 2873 591 2936 traxerunt.
622 2863 787 2948 Quantus
811 2883 898 2932 vero
928 2858 1035 2932 fuerit
1058 2883 1232 2932 caesorum
1260 2885 1452 2956 numerus,

395 2978 460 3078 qui
477 2977 682 3076 introgressi
706 2977 743 3047 in
758 2977 919 3049 hostium
933 2999 1061 3048 manus
1081 2976 1284 3067 irruerunt,
1303 2992 1378 3050 tarn
1394 2978 1456 3051 dil·

395 3095 550 3168 lerenter
575 3107 611 3164 et
635 3091 898 3182 diversimode,
928 3105 1005 3163 turn
1032 3091 1079 3164 ab
1100 3092 1158 3166 his
1179 3094 1242 3191 qui
1267 3093 1304 3165 in
1330 3096 1454 3168 castris

395 3211 497 3284 ducis
513 3207 810 3306 Burgundionum
830 3210 965 3297 erant⁸,
984 3208 1218 3297 referebatur,
1242 3212 1355 3310 quod,
1375 3213 1454 3311 qui-

391 3325 462 3398 bus
474 3323 742 3398 assentiendum
753 3323 874 3423 potius
889 3323 993 3414 foret,
1009 3325 1129 3398 nullus
1142 3325 1215 3400 lere
1228 3343 1323 3400 certa
1335 3327 1453 3428 aliqua

392 3441 601 3538 conjectura
622 3439 785 3512 arbitrari
802 3442 977 3539 potuerit*
1002 3441 1221 3514 adrerum:
1243 3468 1326 3516 cum
1351 3459 1389 3517 et
1415 3445 1451 3515 hi

392 3583 585 3633 numerum
612 3581 805 3654 magnum,
837 3557 949 3629 etalii
978 3583 1130 3658 parvum
1156 3573 1263 3658 atque
1284 3561 1451 3656 exiguum

391 3675 497 3750 fuisse
517 3675 682 3776 jactitent
706 3687 742 3746 et
766 3673 999 3748 contendant.
1028 3675 1121 3748 Nulli
1152 3691 1271 3751 tamen
1298 3677 1449 3750 dubium

430 3921 459 3980 t.
481 3920 557 3975 Dum
572 3913 644 3974 dans
656 3912 685 3973 le
698 3933 752 3974 ms.

429 4008 458 4068 Ξ.
483 4004 713 4080 ejuittettttt.

430 4101 458 4156 3.
481 4099 560 4156 Pour
572 4093 730 4173 completer
743 4094 772 4154 la
784 4093 890 4172 phrase
903 4107 933 4155 et
942 4095 1067 4169 justifier
1078 4113 1112 4154 ce
1126 4095 1176 4174 qui
1190 4096 1259 4168 suit,
1273 4094 1294 4154 il
1308 4095 1370 4156 faut
1383 4115 1450 4174 sup-

387 4186 469 4265 plder
482 4205 521 4244 uu
533 4183 663 4245 membre
677 4184 761 4254 omis,
776 4201 888 4244 comme
905 4199 963 4244 tum
974 4183 1011 4244 ab
1027 4205 1121 4244 eorum
1135 4187 1315 4244 adversariis.

427 4277 456 4333 l.
481 4277 636 4334 Potuerunt
648 4274 719 4334 dans
733 4273 761 4333 le
774 4293 828 4333 ms.
890 4302 892 4311 ι
