3356 5182
535 679 1124 872 flisronnnuu*
1196 883 1197 890 a
1286 879 1289 888 ,

668 1013 729 1080 ,on
745 1013 845 1068 umus

246 1181 249 1188 ’
350 1213 1006 1374 ntuoovtco
1077 1157 1201 1374 xi

503 1519 850 1622 rutucottmt
886 1531 1030 1623 REGE

362 1819 367 1832 ·
401 1779 452 1852 m
468 1779 545 1851 suo
560 1741 751 1852 armona
768 1781 812 1851 m
830 1779 981 1852 emin
995 1727 1163 1852 uusns'

510 2089 512 2097 ,
580 2003 729 2087 LIBER
759 2003 958 2086 PRIMUS.

515 2383 785 2490 ‘carnutum
808 2383 997 2454 rutuuu.

236 2563 366 2630 Qualiter,
384 2573 491 2615 monuo
516 2571 606 2634 patre,
625 2559 776 2615 Ludoricue
798 2562 855 2631 ejus
873 2559 1080 2633 primogenitus,
1100 2561 1181 2616 ἠοίης
1197 2563 1297 2618 auxilio

271 2641 397 2715 Philippi,
407 2639 629 2718 Burgundionum
639 2639 726 2710 ducit,
735 2659 763 2696 ee
774 2638 920 2713 adparabat
930 2638 967 2694 ad
980 2637 1184 2695 nanciscendum
1194 2642 1297 2714 putenm

272 2723 347 2795 regui
359 2720 560 2796 postetaionem.

286 2905 427 2973 Mortuo
436 2901 566 2974 Carolo
575 2904 793 2973 Francorum
809 2923 891 2997 rege
902 2897 1061 2990 illustri¹,
1080 2897 1296 2992 Ludovicus,

238 3017 313 3114 ejus
337 3016 432 3090 iilius
458 3018 740 3115 primogenitus,
771 3018 808 3088 iu
832 3039 945 3114 regno
966 3015 1164 3103 successit,
1189 3013 1300 3088 haeres

237 3130 384 3230 quidem
401 3147 576 3205 terrarum
596 3147 631 3204 et
653 3133 874 3230 patrimonii,
897 3129 959 3205 sed
977 3155 1101 3203 exsors
1119 3129 1226 3227 longe
1244 3131 1299 3202 ni·

239 3249 352 3320 mium
378 3247 501 3346 (proh
528 3246 663 3343 dolor)
691 3261 727 3338 et
754 3249 891 3320 alienus
918 3272 940 3320 a
964 3243 1176 3345 prudentia,
1204 3244 1297 3338 fide,

234 3365 366 3461 justitia
392 3365 597 3462 caeterisque
621 3365 778 3463 paternis
805 3362 1029 3438 uirtutibus:
1060 3362 1179 3453 unde,
1217 3386 1301 3436 cum
1352 3401 1355 3409 ·

238 3482 285 3556 ad
310 3481 540 3556 scribendum
565 3506 622 3554 res
646 3506 711 3580 per
739 3500 824 3554 eum
847 3495 961 3579 gestas
983 3480 1178 3567 accedere,
1200 3481 1300 3577 juxta

238 3597 532 3698 pollicitationem
549 3611 723 3689 nostram,
739 3595 924 3688 vellemus,
944 3595 1045 3670 dubii
1059 3596 1302 3696 ancipitesque

237 3712 340 3786 valde
357 3713 488 3786 luimus
506 3713 592 3786 idne
607 3714 751 3808 exsequi
767 3712 1043 3808 aggrederemur
1053 3712 1139 3802 ,uel
1158 3714 1299 3810 potius,

237 3829 329 3927 stylo
344 3829 556 3928 calamoque
574 3828 677 3901 serius
693 3827 907 3920 indicentes,
927 3852 949 3900 a
968 3828 1100 3900 nostris
1115 3830 1302 3927 proposito

238 3961 273 4020 et
289 3945 546 4048 pollicitatione
563 3945 792 4020 resiliremus.
810 3944 1032 4018 Verebamur
1048 3969 1178 4044 nempe
1194 3968 1253 4038 ne,
1273 3944 1311 4016 si'

239 4064 315 4162 ejus
330 4061 486 4161 plurima
502 4062 613 4155 vafre,
630 4061 770 4153 callide,
791 4059 940 4161 perfide,
966 4061 1086 4152 stulte,
1105 4060 1304 4160 perniciose

281 4275 311 4334 t.
334 4273 372 4329 aa
387 4269 483 4346 juna
499 4271 589 4331 taut.

586 4368 591 4374 .
1126 4375 1140 4429 ¹
1222 4381 1225 4388 ,
