3322 5172
583 549 694 604 nunu
714 545 887 620 Qumrus.
1210 548 1267 604 aas

211 675 291 747 stris
306 691 341 748 et
359 679 462 748 terris
478 677 640 775 optimis,
663 700 751 776 quas
768 677 835 750 sibi
852 675 1007 776 oppido¹
1023 677 1157 749 vicinas
1175 675 1269 750 idern

212 818 334 866 comes
349 795 585 866 Sancti-Pauli
604 810 783 883 tenuerat3
804 795 840 866 in
866 793 997 893 quibus
1020 795 1127 865 etiarn
1151 795 1273 866 castris
1394 792 1397 800 ’

212 908 304 980 illius
322 911 461 981 comitis
477 924 579 982 erant
596 909 772 1003 thesauri,
792 911 855 1007 qui
880 909 1090 1010 permaximi
1110 908 1274 982 fereban-

212 1038 271 1095 tur
279 1053 289 1113 ;
310 1050 393 1097 narn
417 1051 537 1098 comes
555 1027 631 1125 ipse
655 1025 860 1099 insatiabilis
886 1050 1026 1126 semper
1052 1025 1167 1098 luerat
1188 1050 1272 1100 ava·

213 1142 299 1214 ritiae
321 1145 401 1240 igne
418 1167 629 1234 succensus,
644 1158 680 1215 et
696 1141 932 1218 verisimiliter
954 1143 1003 1215 ita
1023 1167 1100 1216 esse
1124 1140 1170 1213 ab
1187 1166 1274 1214 om-

214 1255 318 1329 nibus
351 1257 555 1357 putabatur.
593 1262 693 1346 Quos
728 1258 913 1332 thesauros
951 1258 1024 1331 dux
1064 1270 1276 1330 consecutus

214 1373 390 1445 asseritur.

262 1487 331 1559 Sed
350 1512 498 1587 parvum
515 1487 587 1560 hoc
601 1487 727 1587 procul
741 1485 866 1561 dnbio
890 1486 976 1580 luit,
1005 1488 1149 1561 alterius
1176 1489 1284 1560 com-'

213 1603 424 1701 paratione,
459 1603 495 1675 in
530 1627 603 1702 quo
633 1628 693 1676 rex
722 1604 822 1675 ducis
854 1602 1070 1674 desiderium
1102 1603 1277 1704 adimple-

213 1733 276 1789 vit.
872 1739 875 1744 ·

263 1836 447 1908 Defecerat
464 1834 509 1907 ab
525 1860 587 1928 eo,
609 1837 660 1907 uti
674 1849 758 1908 ante
776 1833 946 1925 diximus,
963 1859 1045 1905 cum
1064 1849 1178 1906 castra
1194 1851 1278 1907 ante

217 1954 375 2025 Nussiam
398 1953 548 2026 haberet
558 1953 697 2043 adhuc,
714 1967 750 2024 et
760 1952 807 2024 ad
819 1953 911 2049 regis
926 1956 1145 2025 Francorum
1161 1967 1279 2052 partes

217 2071 419 2162 transierat,
436 2071 555 2142 multis
581 2069 808 2142 suasionibus
831 2068 1218 2168 pollicitationibusque
1234 2070 1277 2141 il·

216 2185 343 2275 lectus‚
379 2184 616 2282 Lotharingiae
644 2185 717 2257 dux
736 2188 763 2276 ’3
795 2185 979 2285 multaque
1013 2187 1159 2285 insuper
1193 2186 1277 2258 duci

218 2300 513 2398 Burgundionum
541 2301 578 2371 in
606 2315 698 2372 terra
723 2325 788 2372 sua
815 2298 1118 2398 Luxernhurgensi
1134 2301 1278 2399 suisque

216 2416 368 2489 subditis
393 2415 560 2489 intulerat
585 2417 736 2507 damna,
752 2415 961 2513 juvantibus
987 2442 1070 2489 eum
1095 2419 1279 2491 nonnullis

217 2537 434 2605 Francorum
451 2530 604 2603 ducibus
619 2546 727 2630 atque
738 2532 844 2604 etiam
862 2530 1078 2630 quibusdam
1092 2531 1279 2606 ¹nobilibus

216 2663 316 2721 terrae
338 2649 530 2722 Barreusis.
562 2646 665 2720 Unde
696 2671 779 2718 cum
807 2661 954 2748 propter
975 2647 1051 2720 haec
1078 2662 1114 2720 et
1136 2666 1278 2749 ruptam

217 2765 345 2858 fidem,
365 2786 475 2864 quam
492 2764 575 2837 duci
591 2779 814 2838 sacramento
826 2779 909 2838 ante
927 2764 1151 2857 firmaverat,
1171 2769 1276 2840 valde

216 2881 283 2954 sibi
300 2905 428 2954 exosus
446 2881 568 2952 luisset
587 2879 763 2970 redditus,
782 2904 804 2953 a
824 2906 925 2978 rege,
944 2882 1038 2953 inter
1054 2880 1123 2954 alia
1140 2883 1273 2973 multa,

215 3013 429 3070 consecutus
443 3010 546 3068 estut
560 2996 776 3089 eum‚veluti
791 2997 991 3096 expositum
1003 2996 1144 3095 prede,
1159 2999 1276 3072 eidem

216 3113 299 3185 duci
326 3112 613 3209 derelinqueret:
637 3112 688 3185 sic
709 3112 831 3211 quod,
847 3112 877 3185 si
894 3125 1005 3186 terras
1028 3137 1129 3204 suas,
1151 3113 1279 3188 Lotha·

217 3233 369 3328 ringias⁸
386 3232 516 3304 scilicet
539 3246 575 3304 et
603 3233 811 3304 comitatum
829 3230 1275 3322 validorum-Montium

257 3479 288 3538 l.
303 3475 456 3534 Peut-etre
471 3493 520 3530 suo
531 3475 635 3549 oppido
640 3494 652 3543 ,·
670 3472 742 3530 mais
753 3471 897 3550 danstpns
909 3472 951 3531 les
965 3491 1024 3546 cas,
1035 3491 1093 3549 que
1106 3477 1210 3550 oppidu
1226 3475 1282 3534 soit

216 3564 344 3625 adverbe
353 3584 392 3624 ou
405 3562 567 3634 substantii,
582 3561 706 3621 l’auteur
715 3561 766 3618 fait
777 3562 901 3622 allusion
914 3563 951 3621 ici
963 3581 999 3621 au
1013 3561 1277 3640 chatuariorum,

216 3655 363 3714 residence
380 3652 526 3712 ordinaire
545 3647 784 3710 du¹counetable
807 3654 904 3710 L'acte
920 3649 1097 3709 additiouuel
1116 3651 1167 3711 des
1186 3659 1281 3712 treves

216 3743 331 3822 specilie
346 3741 500 3800 l’abandon
514 3739 565 3799 des
579 3737 721 3797 chalteaux
736 3750 765 3796 et
778 3751 867 3798 terres
880 3739 916 3796 de
928 3741 1014 3812 Ham,
1026 3738 1136 3798 Bohaiu
1151 3752 1179 3799 et
1191 3746 1282 3802 Bean-

217 3833 322 3895 revoir.
337 3832 456 3912 Lenglet
470 3830 648 3908 Dnlresnoy,
661 3833 827 3901 Coruinius,
842 3842 864 3893 t.
879 3833 933 3898 111,
952 3850 982 3908 p.
1001 3832 1071 3888 424.

257 3926 287 3983 2.
311 3921 473 3994 Ci·dessus‚
488 3940 517 3998 p.
535 3923 603 3979 343.

258 4017 286 4073 3.
310 4011 333 4071 ΙΙ
347 4031 367 4089 y
379 4011 457 4070 avait
475 4010 552 4069 deux
569 4010 740 4072 Lorraiues:
757 4009 829 4068 celle
842 4007 879 4068 de
891 4007 997 4089 langue
1011 4008 1151 4086 irancaise
1163 4023 1192 4069 et
1209 4011 1282 4070 celle

217 4103 254 4164 ds
268 4103 374 4182 langue
389 4100 567 4176 allemande,
581 4121 614 4160 ce
634 4101 684 4179 qui
702 4114 772 4180 peut
788 4101 913 4177 justilier
923 4102 1138 4179 lotharingicas,
1158 4101 1284 4161 amoins

217 4192 379 4272 rependant
392 4191 463 4272 qu’il
477 4211 515 4251 ne
529 4190 607 4250 taitle
623 4193 847 4270 Lotharr'agicas.

258 4285 287 4340 4.
309 4286 351 4341 Le
364 4282 458 4341 comni
477 4279 514 4340 de
529 4279 718 4340 Vaudemont.

379 4411 406 4447 ιι
1084 4392 1122 4444 at
