<?xml version="1.0" encoding="UTF-8"?>
<!DOCTYPE html PUBLIC "-//W3C//DTD XHTML 1.0 Transitional//EN"
    "http://www.w3.org/TR/xhtml1/DTD/xhtml1-transitional.dtd">
<html xmlns="http://www.w3.org/1999/xhtml" xml:lang="en" lang="en">
 <head>
  <title>
</title>
<meta http-equiv="Content-Type" content="text/html;charset=utf-8" />
  <meta name='ocr-system' content='tesseract 3.04.00' />
  <meta name='ocr-capabilities' content='ocr_page ocr_carea ocr_par ocr_line ocrx_word'/>
</head>
<body>
  <div class='ocr_page' id='page_1' title='image "./histoiredesrgne02amelgoog_0394.png"; bbox 0 0 3272 5182; ppageno 0'>
   <div class='ocr_carea' id='block_1_1' title="bbox 565 521 1232 582">
    <p class='ocr_par' dir='ltr' id='par_1_1' title="bbox 565 521 1232 582">
     <span class='ocr_line' id='line_1_1' title="bbox 565 521 1232 582; baseline 0.003 -2"><span class='ocrx_word' id='word_1_1' title='bbox 565 521 675 580; x_wconf 74' lang='lat' dir='ltr'><strong>matt</strong></span> <span class='ocrx_word' id='word_1_2' title='bbox 692 522 855 580; x_wconf 78' lang='lat' dir='ltr'><strong>TERTIUS.</strong></span> <span class='ocrx_word' id='word_1_3' title='bbox 1177 525 1232 582; x_wconf 77' lang='lat' dir='ltr'><strong>att</strong></span> 
     </span>
    </p>
   </div>
   <div class='ocr_carea' id='block_1_2' title="bbox 187 649 1238 840">
    <p class='ocr_par' dir='ltr' id='par_1_2' title="bbox 187 649 1238 840">
     <span class='ocr_line' id='line_1_2' title="bbox 187 649 1238 750; baseline 0.005 -28"><span class='ocrx_word' id='word_1_4' title='bbox 187 649 409 748; x_wconf 88' lang='lat' dir='ltr'><strong>guodionum</strong></span> <span class='ocrx_word' id='word_1_5' title='bbox 423 649 592 726; x_wconf 86' lang='lat' dir='ltr'><strong>deficiens</strong></span> <span class='ocrx_word' id='word_1_6' title='bbox 608 650 719 742; x_wconf 91' lang='lat' dir='ltr'><strong>duce,</strong></span> <span class='ocrx_word' id='word_1_7' title='bbox 737 649 783 724; x_wconf 91' lang='lat' dir='ltr'><strong>ad</strong></span> <span class='ocrx_word' id='word_1_8' title='bbox 799 652 942 750; x_wconf 86' lang='lat' dir='ltr'><strong>regisse</strong></span> <span class='ocrx_word' id='word_1_9' title='bbox 959 650 1105 726; x_wconf 89' lang='lat' dir='ltr'><strong>tradidit</strong></span> <span class='ocrx_word' id='word_1_10' title='bbox 1114 653 1238 726; x_wconf 86' lang='lat' dir='ltr'><strong>volun·</strong></span> 
     </span>
     <span class='ocr_line' id='line_1_3' title="bbox 187 779 309 840; baseline -0.008 0"><span class='ocrx_word' id='word_1_11' title='bbox 187 779 309 840; x_wconf 87' lang='lat' dir='ltr'><strong>tatem.</strong></span> 
     </span>
    </p>
   </div>
   <div class='ocr_carea' id='block_1_3' title="bbox 522 947 893 1021">
    <p class='ocr_par' dir='ltr' id='par_1_3' title="bbox 522 947 893 1021">
     <span class='ocr_line' id='line_1_4' title="bbox 522 947 893 1021; baseline 0 -2"><span class='ocrx_word' id='word_1_12' title='bbox 522 947 776 1020; x_wconf 83' lang='lat' dir='ltr'><strong>CAPITULUM</strong></span> <span class='ocrx_word' id='word_1_13' title='bbox 802 951 893 1021; x_wconf 89' lang='lat' dir='ltr'><strong>Vlll.</strong></span> 
     </span>
    </p>
   </div>
   <div class='ocr_carea' id='block_1_4' title="bbox 185 1138 1238 1293">
    <p class='ocr_par' dir='ltr' id='par_1_4' title="bbox 185 1138 1238 1293">
     <span class='ocr_line' id='line_1_5' title="bbox 185 1138 1238 1218; baseline 0.002 -24"><span class='ocrx_word' id='word_1_14' title='bbox 185 1138 303 1206; x_wconf 79' lang='lat' dir='ltr'><strong>Qualiter</strong></span> <span class='ocrx_word' id='word_1_15' title='bbox 312 1139 368 1196; x_wconf 80' lang='lat' dir='ltr'><strong>dur</strong></span> <span class='ocrx_word' id='word_1_16' title='bbox 379 1140 538 1214; x_wconf 82' lang='lat' dir='ltr'><strong>Bnrgundin</strong></span> <span class='ocrx_word' id='word_1_17' title='bbox 549 1141 770 1196; x_wconf 61' lang='lat' dir='ltr'><strong>Affinis-Villam</strong></span> <span class='ocrx_word' id='word_1_18' title='bbox 783 1139 910 1207; x_wconf 84' lang='lat' dir='ltr'><strong>munivit,</strong></span> <span class='ocrx_word' id='word_1_19' title='bbox 922 1141 1057 1196; x_wconf 67' lang='lat' dir='ltr'><strong>camellum</strong></span> <span class='ocrx_word' id='word_1_20' title='bbox 1070 1139 1104 1196; x_wconf 88' lang='lat' dir='ltr'><strong>de</strong></span> <span class='ocrx_word' id='word_1_21' title='bbox 1112 1143 1238 1218; x_wconf 75' lang='lat' dir='ltr'><strong>Piquegay</strong></span> 
     </span>
     <span class='ocr_line' id='line_1_6' title="bbox 396 1219 1025 1293; baseline 0.002 -19"><span class='ocrx_word' id='word_1_22' title='bbox 396 1233 576 1293; x_wconf 74' lang='lat' dir='ltr'><strong>expugnatum</strong></span> <span class='ocrx_word' id='word_1_23' title='bbox 591 1219 710 1278; x_wconf 82' lang='lat' dir='ltr'><strong>incendit</strong></span> <span class='ocrx_word' id='word_1_24' title='bbox 718 1234 744 1276; x_wconf 85' lang='lat' dir='ltr'><strong>ct</strong></span> <span class='ocrx_word' id='word_1_25' title='bbox 753 1222 899 1276; x_wconf 73' lang='lat' dir='ltr'>Ambianos</span> <span class='ocrx_word' id='word_1_26' title='bbox 911 1220 1025 1276; x_wconf 81' lang='lat' dir='ltr'><strong>obsedit.</strong></span> 
     </span>
    </p>
   </div>
   <div class='ocr_carea' id='block_1_5' title="bbox 186 1389 1239 2533">
    <p class='ocr_par' dir='ltr' id='par_1_5' title="bbox 186 1389 1239 1836">
     <span class='ocr_line' id='line_1_7' title="bbox 235 1389 1238 1492; baseline 0.01 -34"><span class='ocrx_word' id='word_1_27' title='bbox 235 1391 316 1460; x_wconf 87' lang='lat' dir='ltr'><strong>Haec</strong></span> <span class='ocrx_word' id='word_1_28' title='bbox 331 1403 451 1462; x_wconf 91' lang='lat' dir='ltr'><strong>autem</strong></span> <span class='ocrx_word' id='word_1_29' title='bbox 467 1415 523 1463; x_wconf 89' lang='lat' dir='ltr'><strong>res</strong></span> <span class='ocrx_word' id='word_1_30' title='bbox 535 1391 609 1490; x_wconf 89' lang='lat' dir='ltr'><strong>jam</strong></span> <span class='ocrx_word' id='word_1_31' title='bbox 624 1389 820 1464; x_wconf 90' lang='lat' dir='ltr'><strong>inchoandi</strong></span> <span class='ocrx_word' id='word_1_32' title='bbox 835 1389 920 1464; x_wconf 89' lang='lat' dir='ltr'><strong>belli</strong></span> <span class='ocrx_word' id='word_1_33' title='bbox 940 1392 1058 1492; x_wconf 90' lang='lat' dir='ltr'><strong>palam</strong></span> <span class='ocrx_word' id='word_1_34' title='bbox 1075 1407 1112 1466; x_wconf 92' lang='lat' dir='ltr'><strong>et</strong></span> <span class='ocrx_word' id='word_1_35' title='bbox 1132 1410 1238 1468; x_wconf 92' lang='lat' dir='ltr'><strong>noto-</strong></span> 
     </span>
     <span class='ocr_line' id='line_1_8' title="bbox 186 1505 1239 1608; baseline 0.008 -32"><span class='ocrx_word' id='word_1_36' title='bbox 186 1505 239 1576; x_wconf 89' lang='lat' dir='ltr'><strong>rie</strong></span> <span class='ocrx_word' id='word_1_37' title='bbox 267 1529 410 1580; x_wconf 88' lang='lat' dir='ltr'><strong>causam</strong></span> <span class='ocrx_word' id='word_1_38' title='bbox 435 1507 567 1600; x_wconf 88' lang='lat' dir='ltr'><strong>attulit,</strong></span> <span class='ocrx_word' id='word_1_39' title='bbox 596 1531 672 1578; x_wconf 90' lang='lat' dir='ltr'><strong>non</strong></span> <span class='ocrx_word' id='word_1_40' title='bbox 703 1505 833 1578; x_wconf 83' lang='lat' dir='ltr'><strong>relicto</strong></span> <span class='ocrx_word' id='word_1_41' title='bbox 857 1506 1009 1606; x_wconf 90' lang='lat' dir='ltr'><strong>amplius</strong></span> <span class='ocrx_word' id='word_1_42' title='bbox 1036 1508 1239 1608; x_wconf 89' lang='lat' dir='ltr'><strong>ambigendi</strong></span> 
     </span>
     <span class='ocr_line' id='line_1_9' title="bbox 186 1617 1239 1724; baseline 0.009 -34"><span class='ocrx_word' id='word_1_43' title='bbox 186 1617 285 1714; x_wconf 90' lang='lat' dir='ltr'><strong>loco,</strong></span> <span class='ocrx_word' id='word_1_44' title='bbox 315 1622 404 1719; x_wconf 91' lang='lat' dir='ltr'><strong>quin</strong></span> <span class='ocrx_word' id='word_1_45' title='bbox 435 1639 501 1722; x_wconf 88' lang='lat' dir='ltr'><strong>per</strong></span> <span class='ocrx_word' id='word_1_46' title='bbox 529 1621 605 1694; x_wconf 78' lang='lat' dir='ltr'><strong>haec</strong></span> <span class='ocrx_word' id='word_1_47' title='bbox 636 1619 751 1693; x_wconf 85' lang='lat' dir='ltr'><strong>ioedus</strong></span> <span class='ocrx_word' id='word_1_48' title='bbox 775 1621 873 1719; x_wconf 90' lang='lat' dir='ltr'><strong>apud</strong></span> <span class='ocrx_word' id='word_1_49' title='bbox 899 1626 1074 1697; x_wconf 90' lang='lat' dir='ltr'><strong>Peronam</strong></span> <span class='ocrx_word' id='word_1_50' title='bbox 1098 1650 1239 1724; x_wconf 91' lang='lat' dir='ltr'><strong>percus·</strong></span> 
     </span>
     <span class='ocr_line' id='line_1_10' title="bbox 187 1737 969 1836; baseline 0.001 -27"><span class='ocrx_word' id='word_1_51' title='bbox 187 1759 266 1808; x_wconf 87' lang='lat' dir='ltr'><strong>sum</strong></span> <span class='ocrx_word' id='word_1_52' title='bbox 281 1751 428 1836; x_wconf 89' lang='lat' dir='ltr'><strong>ruptum</strong></span> <span class='ocrx_word' id='word_1_53' title='bbox 444 1738 593 1809; x_wconf 92' lang='lat' dir='ltr'><strong>omnino</strong></span> <span class='ocrx_word' id='word_1_54' title='bbox 608 1737 851 1833; x_wconf 90' lang='lat' dir='ltr'><strong>violatumque</strong></span> <span class='ocrx_word' id='word_1_55' title='bbox 867 1737 969 1810; x_wconf 86' lang='lat' dir='ltr'><strong>foret.</strong></span> 
     </span>
    </p>

    <p class='ocr_par' dir='ltr' id='par_1_6' title="bbox 186 1853 1239 2533">
     <span class='ocr_line' id='line_1_11' title="bbox 233 1853 1237 1956; baseline 0.007 -32"><span class='ocrx_word' id='word_1_56' title='bbox 233 1855 323 1925; x_wconf 91' lang='lat' dir='ltr'><strong>Cum</strong></span> <span class='ocrx_word' id='word_1_57' title='bbox 343 1868 463 1927; x_wconf 90' lang='lat' dir='ltr'><strong>autem</strong></span> <span class='ocrx_word' id='word_1_58' title='bbox 482 1853 558 1926; x_wconf 88' lang='lat' dir='ltr'><strong>haec</strong></span> <span class='ocrx_word' id='word_1_59' title='bbox 577 1853 625 1925; x_wconf 87' lang='lat' dir='ltr'><strong>ita</strong></span> <span class='ocrx_word' id='word_1_60' title='bbox 650 1867 745 1949; x_wconf 88' lang='lat' dir='ltr'><strong>gesta</strong></span> <span class='ocrx_word' id='word_1_61' title='bbox 767 1853 913 1926; x_wconf 85' lang='lat' dir='ltr'><strong>fuissent</strong></span> <span class='ocrx_word' id='word_1_62' title='bbox 933 1853 1237 1956; x_wconf 89' lang='lat' dir='ltr'><strong>verisimiliterque</strong></span> 
     </span>
     <span class='ocr_line' id='line_1_12' title="bbox 186 1968 1239 2070; baseline 0.003 -28"><span class='ocrx_word' id='word_1_63' title='bbox 186 1968 395 2043; x_wconf 81' lang='lat' dir='ltr'><strong>addubitare</strong></span> <span class='ocrx_word' id='word_1_64' title='bbox 411 1969 484 2042; x_wconf 84' lang='lat' dir='ltr'><strong>dux</strong></span> <span class='ocrx_word' id='word_1_65' title='bbox 501 1968 710 2068; x_wconf 84' lang='lat' dir='ltr'><strong>Burgundiae</strong></span> <span class='ocrx_word' id='word_1_66' title='bbox 729 1983 866 2069; x_wconf 91' lang='lat' dir='ltr'><strong>posset,</strong></span> <span class='ocrx_word' id='word_1_67' title='bbox 890 1995 936 2043; x_wconf 89' lang='lat' dir='ltr'><strong>ne</strong></span> <span class='ocrx_word' id='word_1_68' title='bbox 957 1970 1097 2070; x_wconf 92' lang='lat' dir='ltr'><strong>longius</strong></span> <span class='ocrx_word' id='word_1_69' title='bbox 1118 1972 1239 2046; x_wconf 87' lang='lat' dir='ltr'><strong>latius·</strong></span> 
     </span>
     <span class='ocr_line' id='line_1_13' title="bbox 187 2086 1239 2186; baseline 0.005 -30"><span class='ocrx_word' id='word_1_70' title='bbox 187 2109 276 2183; x_wconf 90' lang='lat' dir='ltr'><strong>que,</strong></span> <span class='ocrx_word' id='word_1_71' title='bbox 303 2087 372 2158; x_wconf 89' lang='lat' dir='ltr'><strong>nisi</strong></span> <span class='ocrx_word' id='word_1_72' title='bbox 395 2086 499 2184; x_wconf 81' lang='lat' dir='ltr'><strong>objex</strong></span> <span class='ocrx_word' id='word_1_73' title='bbox 527 2101 734 2186; x_wconf 84' lang='lat' dir='ltr'><strong>poneretur,</strong></span> <span class='ocrx_word' id='word_1_74' title='bbox 764 2100 920 2186; x_wconf 89' lang='lat' dir='ltr'><strong>coeptum</strong></span> <span class='ocrx_word' id='word_1_75' title='bbox 943 2101 1049 2185; x_wconf 91' lang='lat' dir='ltr'><strong>atque</strong></span> <span class='ocrx_word' id='word_1_76' title='bbox 1075 2103 1239 2161; x_wconf 82' lang='lat' dir='ltr'><strong>exortum</strong></span> 
     </span>
     <span class='ocr_line' id='line_1_14' title="bbox 187 2200 1239 2300; baseline 0.001 -28"><span class='ocrx_word' id='word_1_77' title='bbox 187 2215 391 2298; x_wconf 83' lang='lat' dir='ltr'><strong>evagaretur</strong></span> <span class='ocrx_word' id='word_1_78' title='bbox 406 2200 612 2274; x_wconf 88' lang='lat' dir='ltr'><strong>incendium</strong></span> <span class='ocrx_word' id='word_1_79' title='bbox 632 2201 732 2300; x_wconf 91' lang='lat' dir='ltr'><strong>(nam</strong></span> <span class='ocrx_word' id='word_1_80' title='bbox 752 2215 788 2273; x_wconf 90' lang='lat' dir='ltr'><strong>et</strong></span> <span class='ocrx_word' id='word_1_81' title='bbox 805 2203 944 2275; x_wconf 89' lang='lat' dir='ltr'><strong>animos</strong></span> <span class='ocrx_word' id='word_1_82' title='bbox 959 2203 1091 2274; x_wconf 87' lang='lat' dir='ltr'><strong>civium</strong></span> <span class='ocrx_word' id='word_1_83' title='bbox 1107 2201 1153 2275; x_wconf 90' lang='lat' dir='ltr'><strong>de</strong></span> <span class='ocrx_word' id='word_1_84' title='bbox 1168 2201 1239 2274; x_wconf 84' lang='lat' dir='ltr'><strong>Ab·</strong></span> 
     </span>
     <span class='ocr_line' id='line_1_15' title="bbox 186 2315 1239 2419; baseline 0.003 -29"><span class='ocrx_word' id='word_1_85' title='bbox 186 2315 387 2393; x_wconf 89' lang='lat' dir='ltr'><strong>batis-Villa</strong></span> <span class='ocrx_word' id='word_1_86' title='bbox 402 2320 654 2419; x_wconf 89' lang='lat' dir='ltr'><strong>nonnullisque</strong></span> <span class='ocrx_word' id='word_1_87' title='bbox 670 2318 746 2393; x_wconf 90' lang='lat' dir='ltr'><strong>aliis</strong></span> <span class='ocrx_word' id='word_1_88' title='bbox 762 2319 920 2418; x_wconf 87' lang='lat' dir='ltr'><strong>oppidis,</strong></span> <span class='ocrx_word' id='word_1_89' title='bbox 946 2344 1024 2417; x_wconf 86' lang='lat' dir='ltr'><strong>quae</strong></span> <span class='ocrx_word' id='word_1_90' title='bbox 1045 2344 1088 2392; x_wconf 85' lang='lat' dir='ltr'><strong>ex</strong></span> <span class='ocrx_word' id='word_1_91' title='bbox 1108 2319 1239 2394; x_wconf 86' lang='lat' dir='ltr'><strong>foedere</strong></span> 
     </span>
     <span class='ocr_line' id='line_1_16' title="bbox 187 2433 1236 2533; baseline 0 -28"><span class='ocrx_word' id='word_1_92' title='bbox 187 2434 285 2531; x_wconf 84' lang='lat' dir='ltr'><strong>pacis</strong></span> <span class='ocrx_word' id='word_1_93' title='bbox 306 2435 381 2533; x_wconf 90' lang='lat' dir='ltr'><strong>jam</strong></span> <span class='ocrx_word' id='word_1_94' title='bbox 401 2433 487 2507; x_wconf 88' lang='lat' dir='ltr'><strong>bina</strong></span> <span class='ocrx_word' id='word_1_95' title='bbox 510 2437 587 2508; x_wconf 87' lang='lat' dir='ltr'><strong>vice</strong></span> <span class='ocrx_word' id='word_1_96' title='bbox 609 2460 692 2507; x_wconf 91' lang='lat' dir='ltr'><strong>cum</strong></span> <span class='ocrx_word' id='word_1_97' title='bbox 712 2459 793 2532; x_wconf 90' lang='lat' dir='ltr'><strong>rege</strong></span> <span class='ocrx_word' id='word_1_98' title='bbox 815 2435 1021 2533; x_wconf 86' lang='lat' dir='ltr'><strong>compositae</strong></span> <span class='ocrx_word' id='word_1_99' title='bbox 1039 2448 1236 2533; x_wconf 88' lang='lat' dir='ltr'><strong>acceperat,</strong></span> 
     </span>
    </p>
   </div>
   <div class='ocr_carea' id='block_1_6' title="bbox 188 2547 1239 2760">
    <p class='ocr_par' dir='ltr' id='par_1_7' title="bbox 188 2547 1239 2760">
     <span class='ocr_line' id='line_1_17' title="bbox 188 2547 1237 2648; baseline 0.001 -29"><span class='ocrx_word' id='word_1_100' title='bbox 188 2547 325 2644; x_wconf 83' lang='lat' dir='ltr'><strong>fragiles</strong></span> <span class='ocrx_word' id='word_1_101' title='bbox 350 2564 385 2621; x_wconf 89' lang='lat' dir='ltr'><strong>et</strong></span> <span class='ocrx_word' id='word_1_102' title='bbox 410 2547 653 2622; x_wconf 90' lang='lat' dir='ltr'><strong>mutabundos</strong></span> <span class='ocrx_word' id='word_1_103' title='bbox 677 2547 907 2646; x_wconf 88' lang='lat' dir='ltr'><strong>agnoscebat,</strong></span> <span class='ocrx_word' id='word_1_104' title='bbox 932 2573 1138 2648; x_wconf 89' lang='lat' dir='ltr'><strong>pronosque</strong></span> <span class='ocrx_word' id='word_1_105' title='bbox 1163 2573 1237 2621; x_wconf 89' lang='lat' dir='ltr'><strong>non</strong></span> 
     </span>
     <span class='ocr_line' id='line_1_18' title="bbox 188 2663 1239 2760; baseline 0.002 -25"><span class='ocrx_word' id='word_1_106' title='bbox 188 2663 306 2736; x_wconf 89' lang='lat' dir='ltr'><strong>minus</strong></span> <span class='ocrx_word' id='word_1_107' title='bbox 322 2663 615 2738; x_wconf 69' lang='lat' dir='ltr'><strong>ambianensibus</strong></span> <span class='ocrx_word' id='word_1_108' title='bbox 634 2664 681 2738; x_wconf 89' lang='lat' dir='ltr'><strong>ad</strong></span> <span class='ocrx_word' id='word_1_109' title='bbox 696 2664 934 2738; x_wconf 83' lang='lat' dir='ltr'><strong>defectionem</strong></span> <span class='ocrx_word' id='word_1_110' title='bbox 950 2663 1182 2760; x_wconf 83' lang='lat' dir='ltr'><strong>faciendam),</strong></span> <span class='ocrx_word' id='word_1_111' title='bbox 1201 2689 1239 2737; x_wconf 87' lang='lat' dir='ltr'><strong>se</strong></span> 
     </span>
    </p>
   </div>
   <div class='ocr_carea' id='block_1_7' title="bbox 188 2779 1330 4151">
    <p class='ocr_par' dir='ltr' id='par_1_8' title="bbox 188 2779 1330 4151">
     <span class='ocr_line' id='line_1_19' title="bbox 188 2779 1330 2880; baseline 0.001 -29"><span class='ocrx_word' id='word_1_112' title='bbox 188 2803 272 2851; x_wconf 87' lang='lat' dir='ltr'><strong>mox</strong></span> <span class='ocrx_word' id='word_1_113' title='bbox 286 2779 384 2880; x_wconf 91' lang='lat' dir='ltr'><strong>apud</strong></span> <span class='ocrx_word' id='word_1_114' title='bbox 396 2779 682 2855; x_wconf 72' lang='lat' dir='ltr'><strong>abbatis-Villam</strong></span> <span class='ocrx_word' id='word_1_115' title='bbox 692 2781 853 2855; x_wconf 88' lang='lat' dir='ltr'><strong>contulit.</strong></span> <span class='ocrx_word' id='word_1_116' title='bbox 865 2786 952 2870; x_wconf 87' lang='lat' dir='ltr'><strong>Quae</strong></span> <span class='ocrx_word' id='word_1_117' title='bbox 964 2781 1079 2880; x_wconf 92' lang='lat' dir='ltr'><strong>primo</strong></span> <span class='ocrx_word' id='word_1_118' title='bbox 1094 2779 1240 2876; x_wconf 89' lang='lat' dir='ltr'><strong>quidem</strong></span> <span class='ocrx_word' id='word_1_119' title='bbox 1323 2855 1330 2869; x_wconf 64' lang='grc'><em>,</em></span> 
     </span>
     <span class='ocr_line' id='line_1_20' title="bbox 188 2895 1239 2996; baseline 0.001 -29"><span class='ocrx_word' id='word_1_120' title='bbox 188 2895 341 2968; x_wconf 93' lang='lat' dir='ltr'><strong>militum</strong></span> <span class='ocrx_word' id='word_1_121' title='bbox 357 2896 520 2996; x_wconf 77' lang='lat' dir='ltr'><strong>presidia</strong></span> <span class='ocrx_word' id='word_1_122' title='bbox 535 2897 690 2996; x_wconf 89' lang='lat' dir='ltr'><strong>recipcre</strong></span> <span class='ocrx_word' id='word_1_123' title='bbox 706 2895 937 2986; x_wconf 84' lang='lat' dir='ltr'><strong>detrectabat,</strong></span> <span class='ocrx_word' id='word_1_124' title='bbox 955 2910 990 2968; x_wconf 91' lang='lat' dir='ltr'><strong>et</strong></span> <span class='ocrx_word' id='word_1_125' title='bbox 1004 2920 1041 2967; x_wconf 93' lang='lat' dir='ltr'><strong>se</strong></span> <span class='ocrx_word' id='word_1_126' title='bbox 1055 2895 1115 2968; x_wconf 91' lang='lat' dir='ltr'><strong>illo</strong></span> <span class='ocrx_word' id='word_1_127' title='bbox 1129 2919 1239 2968; x_wconf 92' lang='lat' dir='ltr'><strong>onere</strong></span> 
     </span>
     <span class='ocr_line' id='line_1_21' title="bbox 188 3010 1239 3112; baseline 0.002 -29"><span class='ocrx_word' id='word_1_128' title='bbox 188 3011 385 3084; x_wconf 87' lang='lat' dir='ltr'><strong>conabatur</strong></span> <span class='ocrx_word' id='word_1_129' title='bbox 400 3013 586 3086; x_wconf 87' lang='lat' dir='ltr'><strong>absolvere</strong></span> <span class='ocrx_word' id='word_1_130' title='bbox 603 3029 710 3112; x_wconf 90' lang='lat' dir='ltr'><strong>atque</strong></span> <span class='ocrx_word' id='word_1_131' title='bbox 725 3035 913 3103; x_wconf 84' lang='lat' dir='ltr'><strong>excusare,</strong></span> <span class='ocrx_word' id='word_1_132' title='bbox 932 3010 1239 3109; x_wconf 89' lang='lat' dir='ltr'><strong>quemadmodum</strong></span> 
     </span>
     <span class='ocr_line' id='line_1_22' title="bbox 188 3125 1240 3227; baseline 0.002 -28"><span class='ocrx_word' id='word_1_133' title='bbox 188 3141 335 3226; x_wconf 89' lang='lat' dir='ltr'><strong>perante</strong></span> <span class='ocrx_word' id='word_1_134' title='bbox 352 3127 603 3202; x_wconf 68' lang='lat' dir='ltr'><strong>ambianenses</strong></span> <span class='ocrx_word' id='word_1_135' title='bbox 619 3128 795 3218; x_wconf 76' lang='lat' dir='ltr'><strong>fecerant3</strong></span> <span class='ocrx_word' id='word_1_136' title='bbox 812 3128 875 3201; x_wconf 91' lang='lat' dir='ltr'><strong>sed</strong></span> <span class='ocrx_word' id='word_1_137' title='bbox 891 3127 991 3227; x_wconf 93' lang='lat' dir='ltr'><strong>quod</strong></span> <span class='ocrx_word' id='word_1_138' title='bbox 1008 3153 1134 3200; x_wconf 91' lang='lat' dir='ltr'><strong>corum</strong></span> <span class='ocrx_word' id='word_1_139' title='bbox 1150 3125 1240 3201; x_wconf 86' lang='lat' dir='ltr'><strong>fides</strong></span> 
     </span>
     <span class='ocr_line' id='line_1_23' title="bbox 189 3241 1240 3345; baseline -0.001 -30"><span class='ocrx_word' id='word_1_140' title='bbox 189 3243 272 3315; x_wconf 82' lang='lat' dir='ltr'><strong>satis</strong></span> <span class='ocrx_word' id='word_1_141' title='bbox 290 3257 366 3316; x_wconf 90' lang='lat' dir='ltr'><strong>tuta</strong></span> <span class='ocrx_word' id='word_1_142' title='bbox 385 3267 459 3316; x_wconf 91' lang='lat' dir='ltr'><strong>non</strong></span> <span class='ocrx_word' id='word_1_143' title='bbox 480 3258 571 3336; x_wconf 90' lang='lat' dir='ltr'><strong>erat,</strong></span> <span class='ocrx_word' id='word_1_144' title='bbox 596 3242 736 3345; x_wconf 88' lang='lat' dir='ltr'><strong>plebeia</strong></span> <span class='ocrx_word' id='word_1_145' title='bbox 760 3243 988 3317; x_wconf 90' lang='lat' dir='ltr'><strong>multitudine</strong></span> <span class='ocrx_word' id='word_1_146' title='bbox 1010 3243 1171 3316; x_wconf 90' lang='lat' dir='ltr'><strong>animum</strong></span> <span class='ocrx_word' id='word_1_147' title='bbox 1192 3241 1240 3315; x_wconf 90' lang='lat' dir='ltr'><strong>ad</strong></span> 
     </span>
     <span class='ocr_line' id='line_1_24' title="bbox 189 3356 1239 3457; baseline 0.002 -29"><span class='ocrx_word' id='word_1_148' title='bbox 189 3379 308 3454; x_wconf 91' lang='lat' dir='ltr'><strong>regem</strong></span> <span class='ocrx_word' id='word_1_149' title='bbox 324 3356 517 3457; x_wconf 92' lang='lat' dir='ltr'><strong>plurimum</strong></span> <span class='ocrx_word' id='word_1_150' title='bbox 533 3383 570 3430; x_wconf 91' lang='lat' dir='ltr'><strong>se</strong></span> <span class='ocrx_word' id='word_1_151' title='bbox 586 3357 718 3431; x_wconf 89' lang='lat' dir='ltr'><strong>habere</strong></span> <span class='ocrx_word' id='word_1_152' title='bbox 735 3359 910 3456; x_wconf 88' lang='lat' dir='ltr'><strong>judicata,</strong></span> <span class='ocrx_word' id='word_1_153' title='bbox 928 3356 1090 3430; x_wconf 88' lang='lat' dir='ltr'><strong>adhibita</strong></span> <span class='ocrx_word' id='word_1_154' title='bbox 1108 3381 1239 3430; x_wconf 90' lang='lat' dir='ltr'><strong>conve·</strong></span> 
     </span>
     <span class='ocr_line' id='line_1_25' title="bbox 190 3463 1236 3575; baseline 0.003 -31"><span class='ocrx_word' id='word_1_155' title='bbox 190 3474 302 3545; x_wconf 91' lang='lat' dir='ltr'><strong>nienti</strong></span> <span class='ocrx_word' id='word_1_156' title='bbox 327 3473 482 3564; x_wconf 90' lang='lat' dir='ltr'><strong>cautela,</strong></span> <span class='ocrx_word' id='word_1_157' title='bbox 505 3474 657 3547; x_wconf 91' lang='lat' dir='ltr'><strong>militum</strong></span> <span class='ocrx_word' id='word_1_158' title='bbox 673 3476 784 3574; x_wconf 86' lang='lat' dir='ltr'><strong>copiae</strong></span> <span class='ocrx_word' id='word_1_159' title='bbox 807 3463 874 3575; x_wconf 82' lang='lat' dir='ltr'><strong>pro</strong></span> <span class='ocrx_word' id='word_1_160' title='bbox 896 3475 987 3547; x_wconf 91' lang='lat' dir='ltr'><strong>duce</strong></span> <span class='ocrx_word' id='word_1_161' title='bbox 1008 3474 1236 3573; x_wconf 88' lang='lat' dir='ltr'><strong>Burgundio-</strong></span> 
     </span>
     <span class='ocr_line' id='line_1_26' title="bbox 190 3589 1239 3690; baseline 0.001 -29"><span class='ocrx_word' id='word_1_162' title='bbox 190 3614 279 3662; x_wconf 95' lang='lat' dir='ltr'><strong>num</strong></span> <span class='ocrx_word' id='word_1_163' title='bbox 301 3591 511 3664; x_wconf 83' lang='lat' dir='ltr'><strong>intromissae</strong></span> <span class='ocrx_word' id='word_1_164' title='bbox 530 3604 630 3682; x_wconf 90' lang='lat' dir='ltr'><strong>suut,</strong></span> <span class='ocrx_word' id='word_1_165' title='bbox 649 3591 771 3688; x_wconf 90' lang='lat' dir='ltr'><strong>ibique</strong></span> <span class='ocrx_word' id='word_1_166' title='bbox 791 3615 857 3689; x_wconf 92' lang='lat' dir='ltr'><strong>pro</strong></span> <span class='ocrx_word' id='word_1_167' title='bbox 877 3589 1040 3690; x_wconf 77' lang='lat' dir='ltr'><strong>praesidio</strong></span> <span class='ocrx_word' id='word_1_168' title='bbox 1061 3604 1097 3663; x_wconf 92' lang='lat' dir='ltr'><strong>et</strong></span> <span class='ocrx_word' id='word_1_169' title='bbox 1118 3604 1239 3662; x_wconf 87' lang='lat' dir='ltr'><strong>custo·</strong></span> 
     </span>
     <span class='ocr_line' id='line_1_27' title="bbox 190 3704 1241 3802; baseline -0.002 -24"><span class='ocrx_word' id='word_1_170' title='bbox 190 3705 249 3778; x_wconf 89' lang='lat' dir='ltr'><strong>dia</strong></span> <span class='ocrx_word' id='word_1_171' title='bbox 267 3706 464 3798; x_wconf 81' lang='lat' dir='ltr'><strong>collocatae,</strong></span> <span class='ocrx_word' id='word_1_172' title='bbox 483 3729 564 3778; x_wconf 89' lang='lat' dir='ltr'><strong>arce</strong></span> <span class='ocrx_word' id='word_1_173' title='bbox 578 3704 680 3778; x_wconf 90' lang='lat' dir='ltr'><strong>firma</strong></span> <span class='ocrx_word' id='word_1_174' title='bbox 694 3721 730 3778; x_wconf 92' lang='lat' dir='ltr'><strong>et</strong></span> <span class='ocrx_word' id='word_1_175' title='bbox 745 3705 861 3777; x_wconf 89' lang='lat' dir='ltr'><strong>valida</strong></span> <span class='ocrx_word' id='word_1_176' title='bbox 877 3705 948 3776; x_wconf 92' lang='lat' dir='ltr'><strong>illic</strong></span> <span class='ocrx_word' id='word_1_177' title='bbox 964 3719 1150 3796; x_wconf 84' lang='lat' dir='ltr'><strong>exstructa,</strong></span> <span class='ocrx_word' id='word_1_178' title='bbox 1169 3727 1241 3802; x_wconf 89' lang='lat' dir='ltr'><strong>qua</strong></span> 
     </span>
     <span class='ocr_line' id='line_1_28' title="bbox 190 3820 1240 3921; baseline -0.002 -28"><span class='ocrx_word' id='word_1_179' title='bbox 190 3821 235 3893; x_wconf 89' lang='lat' dir='ltr'><strong>de</strong></span> <span class='ocrx_word' id='word_1_180' title='bbox 259 3822 393 3921; x_wconf 92' lang='lat' dir='ltr'><strong>oppido</strong></span> <span class='ocrx_word' id='word_1_181' title='bbox 415 3823 571 3895; x_wconf 88' lang='lat' dir='ltr'><strong>securior</strong></span> <span class='ocrx_word' id='word_1_182' title='bbox 593 3820 811 3894; x_wconf 83' lang='lat' dir='ltr'><strong>redderetur.</strong></span> <span class='ocrx_word' id='word_1_183' title='bbox 835 3821 914 3892; x_wconf 89' lang='lat' dir='ltr'><strong>Fuit</strong></span> <span class='ocrx_word' id='word_1_184' title='bbox 935 3846 1080 3920; x_wconf 92' lang='lat' dir='ltr'><strong>quoque</strong></span> <span class='ocrx_word' id='word_1_185' title='bbox 1096 3820 1147 3893; x_wconf 93' lang='lat' dir='ltr'><strong>ibi</strong></span> <span class='ocrx_word' id='word_1_186' title='bbox 1164 3821 1240 3919; x_wconf 92' lang='lat' dir='ltr'><strong>ipse</strong></span> 
     </span>
     <span class='ocr_line' id='line_1_29' title="bbox 190 3935 1240 4038; baseline 0 -28"><span class='ocrx_word' id='word_1_187' title='bbox 190 3937 485 4036; x_wconf 84' lang='lat' dir='ltr'><strong>Burgundionum</strong></span> <span class='ocrx_word' id='word_1_188' title='bbox 506 3938 578 4011; x_wconf 81' lang='lat' dir='ltr'><strong>dun</strong></span> <span class='ocrx_word' id='word_1_189' title='bbox 597 3961 662 4037; x_wconf 91' lang='lat' dir='ltr'><strong>per</strong></span> <span class='ocrx_word' id='word_1_190' title='bbox 685 3935 821 4036; x_wconf 90' lang='lat' dir='ltr'><strong>aliquot</strong></span> <span class='ocrx_word' id='word_1_191' title='bbox 840 3943 1010 4029; x_wconf 89' lang='lat' dir='ltr'><strong>menses¹,</strong></span> <span class='ocrx_word' id='word_1_192' title='bbox 1033 3938 1240 4038; x_wconf 78' lang='lat' dir='ltr'><strong>permittens</strong></span> 
     </span>
     <span class='ocr_line' id='line_1_30' title="bbox 191 4051 1004 4151; baseline -0.001 -26"><span class='ocrx_word' id='word_1_193' title='bbox 191 4051 335 4144; x_wconf 89' lang='lat' dir='ltr'><strong>hiemis,</strong></span> <span class='ocrx_word' id='word_1_194' title='bbox 351 4066 437 4125; x_wconf 90' lang='lat' dir='ltr'><strong>tunc</strong></span> <span class='ocrx_word' id='word_1_195' title='bbox 449 4053 627 4144; x_wconf 87' lang='lat' dir='ltr'><strong>instantis,</strong></span> <span class='ocrx_word' id='word_1_196' title='bbox 645 4053 798 4150; x_wconf 91' lang='lat' dir='ltr'><strong>rigorem</strong></span> <span class='ocrx_word' id='word_1_197' title='bbox 813 4053 1004 4151; x_wconf 85' lang='lat' dir='ltr'><strong>praeterire.</strong></span> 
     </span>
    </p>
   </div>
   <div class='ocr_carea' id='block_1_8' title="bbox 232 4245 1240 4330">
    <p class='ocr_par' dir='ltr' id='par_1_9' title="bbox 232 4245 1240 4330">
     <span class='ocr_line' id='line_1_31' title="bbox 232 4245 1240 4330; baseline -0.002 -18"><span class='ocrx_word' id='word_1_198' title='bbox 232 4254 261 4312; x_wconf 88' lang='grc'><strong>1.</strong></span> <span class='ocrx_word' id='word_1_199' title='bbox 282 4249 330 4312; x_wconf 64' lang='lat' dir='ltr'><strong>lte·</strong></span> <span class='ocrx_word' id='word_1_200' title='bbox 341 4267 380 4310; x_wconf 85' lang='lat' dir='ltr'><strong>nc</strong></span> <span class='ocrx_word' id='word_1_201' title='bbox 396 4248 458 4310; x_wconf 88' lang='lat' dir='ltr'><strong>doit</strong></span> <span class='ocrx_word' id='word_1_202' title='bbox 474 4267 527 4330; x_wconf 83' lang='lat' dir='ltr'><strong>pas</strong></span> <span class='ocrx_word' id='word_1_203' title='bbox 543 4247 703 4310; x_wconf 84' lang='lat' dir='ltr'><strong>s’entendre</strong></span> <span class='ocrx_word' id='word_1_204' title='bbox 721 4247 902 4313; x_wconf 75' lang='lat' dir='ltr'><strong>d’lbbsvillc</strong></span> <span class='ocrx_word' id='word_1_205' title='bbox 919 4251 1031 4324; x_wconf 73' lang='lat' dir='ltr'><strong>meme,</strong></span> <span class='ocrx_word' id='word_1_206' title='bbox 1049 4246 1121 4308; x_wconf 78' lang='lat' dir='ltr'><strong>mais</strong></span> <span class='ocrx_word' id='word_1_207' title='bbox 1139 4245 1176 4306; x_wconf 85' lang='lat' dir='ltr'><strong>dc</strong></span> <span class='ocrx_word' id='word_1_208' title='bbox 1194 4265 1240 4310; x_wconf 81' lang='lat' dir='ltr'><strong>set</strong></span> 
     </span>
    </p>
   </div>
   <div class='ocr_carea' id='block_1_9' title="bbox 0 0 1644 5182">
    <p class='ocr_par' dir='ltr' id='par_1_10' title="bbox 0 0 1644 5182">
     <span class='ocr_line' id='line_1_32' title="bbox 0 0 1644 5182; baseline 0 0"><span class='ocrx_word' id='word_1_209' title='bbox 0 0 1644 5182; x_wconf 95' lang='lat' dir='ltr'><strong> </strong></span> 
     </span>
    </p>
   </div>
  </div>
 </body>
</html>
