3282 5168
584 555 694 613 nram
717 554 900 628 Quassus.
1215 555 1267 614 sor

212 701 454 779 aesltmareiur,
475 687 522 762 ad
539 687 715 762 tuendum
736 702 856 762 tamen
880 686 970 762 fines
985 713 1070 762 suos
1084 689 1169 762 satis
1183 703 1273 763 stre·

212 827 284 876 nne
300 829 338 878 se
353 819 517 902 gesserat,
544 803 726 878 nonnullis
741 803 974 895 nihilominus
987 803 1166 878 foederatis
1187 805 1273 906 ipsis

212 920 509 1017 Burgundionum
529 931 564 993 et
587 920 774 992 Britanniae
796 918 949 992 ducibus
971 919 1180 994 calamitatis
1202 943 1275 992 ma·

213 1060 292 1136 gnte
308 1039 537 1112 occasionem
552 1035 760 1110 attulerunt.

262 1157 388 1225 Fuerat
402 1176 524 1225 comes
542 1152 752 1244 hrminiaci,
769 1165 850 1251 post
871 1150 1011 1224 obitum
1029 1150 1141 1224 felicis
1155 1175 1275 1224 recor·

212 1261 367 1336 dationis
394 1264 496 1337 ducis
519 1265 734 1362 Aquitaniae,
755 1265 883 1336 iterum
906 1288 971 1364 per
993 1287 1112 1360 regern
1138 1263 1274 1360 majore

213 1399 255 1447 ex
271 1390 371 1473 parte
384 1377 486 1462 terris
498 1389 606 1474 atque
620 1370 789 1448 dominiis
805 1376 877 1448 suis
893 1375 1065 1473 spoliatus
1080 1389 1116 1448 et
1128 1374 1270 1474 pulsus3

211 1489 259 1562 ad
278 1492 380 1588 cujus
403 1506 532 1583 terras,
551 1515 634 1564 cum
654 1490 819 1566 facultate
839 1492 1041 1589 paciscendi
1063 1503 1098 1564 et
1123 1515 1275 1591 compo·
1390 1489 1391 1494 ’

212 1604 323 1678 nendi
347 1631 432 1678 cum
452 1631 497 1678 eo
517 1607 636 1704 (quod
652 1608 728 1704 ipse
757 1630 900 1704 rogasse
917 1619 953 1679 et
974 1607 1158 1705 expetiisse
1176 1606 1274 1679 diee-

211 1719 356 1819 batur),
377 1747 439 1795 rex
456 1723 600 1796 miserat
616 1722 806 1796 dominum
830 1722 876 1796 de
894 1722 1112 1814 Bello-loco,
1138 1722 1274 1796 dictum

210 1831 317 1929 vulgo
335 1847 371 1905 et
387 1849 634 1934 nuncupatum
658 1833 847 1907 dominum
864 1833 909 1906 dc
932 1833 1108 1934 Bcaujeu,
1128 1832 1274 1908 fratrem

211 1947 314 2020 ducis
328 1947 514 2044 Borbonii,
533 1975 618 2024 cum
635 1950 712 2024 aliis
728 1949 942 2049 quibusdam
956 1949 1002 2024 de
1016 1949 1187 2023 Consilio.
1203 1949 1274 2038 Qui

209 2087 294 2136 cum
324 2064 371 2137 ad
399 2067 577 2140 civitatem
600 2069 873 2140 Lectorensem¹
901 2068 1163 2166 pervenissent,
1194 2091 1275 2166 quae

206 2177 297 2274 juris
315 2178 428 2252 luerat
451 2180 612 2277 ejusdem
638 2182 795 2274 comitis,
816 2179 919 2254 seda
943 2204 1026 2276 rege
1047 2195 1222 2280 occupata
1239 2194 1274 2253 et

209 2317 390 2394 possessa,
421 2311 475 2386 et,
506 2311 667 2371 tenentes
692 2299 885 2396 practicam
910 2309 945 2369 et
977 2295 1088 2369 verba
1123 2321 1274 2396 compo·

210 2411 323 2484 nendi
342 2428 378 2486 et
397 2413 611 2512 pacificandi
632 2438 716 2486 cum
733 2415 811 2512 ipso
831 2414 986 2505 comite,
1008 2414 1185 2486 incautius
1210 2415 1274 2487 mi-

210 2554 350 2626 nusque
382 2530 533 2603 solerter
568 2545 676 2628 atque
703 2528 889 2626 vigilanter
923 2528 1085 2625 ejusdem
1121 2529 1274 2602 civitatis

208 2645 381 2719 custodiae
406 2645 634 2738 intenderent
645 2650 669 2739 ¹,
692 2647 842 2743 contigit
868 2660 907 2746 ut
928 2644 1025 2718 idern
1051 2668 1172 2717 comes
1193 2659 1273 2717 astu

209 2761 369 2860 quodam
383 2775 418 2834 et
440 2762 679 2853 vaframento,
704 2776 801 2834 certa
823 2760 1013 2833 satellitum
1037 2783 1147 2832 manu
1164 2761 1272 2860 stipa·

209 2891 287 2968 tus,
308 2875 472 2952 eamdem
497 2876 622 2950 urbem
640 2901 742 2949 suam
764 2875 1021 2972 ingrederetur.
1049 2879 1167 2963 Quam
1188 2899 1272 2947 cum

209 2992 387 3089 ingressus
410 3005 446 3065 et
470 3017 534 3084 ea,
561 2991 700 3065 civibus
728 2991 799 3064 suis
824 2991 971 3064 minime
995 2988 1270 3082 reluctantibus,

209 3109 343 3208 potitus
370 3109 508 3199 suisset,
536 3111 654 3210 ipsum
678 3108 869 3182 dominum
897 3105 944 3181 de
964 3107 1166 3180 Bello-Ioco
1188 3129 1272 3180 curn

208 3203 285 3298 aliis
300 3226 405 3322 regiis
421 3227 674 3320 commissariis
697 3251 781 3300 suos
798 3226 960 3326 captivos
983 3223 1065 3297 fecit
1085 3238 1124 3304 et
1141 3226 1179 3298 in
1197 3249 1273 3298 car-

208 3367 325 3416 cerem
342 3344 458 3416 trusit.

257 3458 365 3547 Quod
390 3483 475 3531 curn
496 3458 543 3533 ad
559 3459 848 3558 regis‘perlatum
871 3459 937 3531 suit
952 3458 1138 3550 notitiam,
1154 3458 1273 3530 statim

208 3588 290 3676 post
316 3574 451 3648 Pascha
465 3577 492 3669 ⁸,
512 3599 660 3672 magnas
688 3599 837 3648 suorum
861 3576 1023 3672 equitum
1049 3589 1085 3648 et
1106 3573 1270 3676 pediturn

247 3778 278 3834 i.
299 3777 452 3846 moure,
468 3769 655 3846 aujourd’hui
670 3769 741 3832 dans
755 3772 784 3830 le
799 3767 998 3850 departement
1011 3770 1051 3830 du
1065 3774 1151 3832 Gers.

247 3863 277 3925 2.
300 3863 422 3940 D'aprcs
441 3879 498 3920 une
517 3860 668 3920 remissiora
688 3858 728 3919 du
750 3861 855 3920 Tresor
878 3859 929 3920 des
949 3860 1068 3920 Chartes
1091 3866 1167 3940 (reg.
1195 3861 1272 3932 205,

82 3964 85 3976 ·
207 3971 238 4032 p.
255 3953 310 4010 tat
320 3959 350 4028 ),
371 3963 451 4011 toute
467 3951 495 4010 la
509 3951 586 4011 laute
604 3949 647 4010 fut
663 3953 679 4008 a
695 3954 818 4028 Jscqnes
837 3948 874 4008 de
888 3953 1071 4038 Loumagne,
1088 3950 1225 4029 seigneur
1236 3947 1273 4008 de

207 4044 395 4120 hlontagnac,
409 4038 568 4116 chevalier,
584 4039 650 4119 qui,
668 4041 748 4098 etam
758 4039 865 4120 charge
881 4039 920 4098 de
932 4040 961 4100 la
976 4039 1066 4122 garde
1083 4037 1120 4099 de
1132 4038 1161 4098 le
1183 4038 1271 4113 ville,

206 4141 257 4191 eut
270 4129 480 4209 l'imprndence
491 4130 529 4192 ele
539 4134 601 4192 s'en
612 4149 732 4210 reposce
745 4149 796 4190 snr
807 4127 869 4190 l’un
883 4130 920 4190 de
934 4149 980 4191 ses
990 4129 1121 4199 hommes
1135 4128 1270 4188 d’armes.

249 4224 278 4282 3.
303 4217 412 4280 lirreur
430 4219 614 4282 dedate.1e
635 4220 679 4280 roi
696 4239 811 4300 enroya
828 4239 881 4280 son
898 4221 996 4280 mmie
1015 4230 1116 4280 contre
1133 4218 1162 4276 le
1179 4227 1274 4278 comte

207 4307 400 4390 d'Armagnac
413 4328 452 4369 au
466 4307 539 4370 mois
550 4309 586 4370 tle
601 4308 755 4370 decembre
769 4312 859 4372 tata.
