<?xml version="1.0" encoding="UTF-8"?>
<!DOCTYPE html PUBLIC "-//W3C//DTD XHTML 1.0 Transitional//EN"
    "http://www.w3.org/TR/xhtml1/DTD/xhtml1-transitional.dtd">
<html xmlns="http://www.w3.org/1999/xhtml" xml:lang="en" lang="en">
 <head>
  <title>
</title>
<meta http-equiv="Content-Type" content="text/html;charset=utf-8" />
  <meta name='ocr-system' content='tesseract 3.04.00' />
  <meta name='ocr-capabilities' content='ocr_page ocr_carea ocr_par ocr_line ocrx_word'/>
</head>
<body>
  <div class='ocr_page' id='page_1' title='image "./histoiredesrgne02amelgoog_0224.png"; bbox 0 0 3384 5184; ppageno 0'>
   <div class='ocr_carea' id='block_1_1' title="bbox 638 563 1308 626">
    <p class='ocr_par' dir='ltr' id='par_1_1' title="bbox 638 563 1308 626">
     <span class='ocr_line' id='line_1_1' title="bbox 638 563 1308 626; baseline 0.003 -4"><span class='ocrx_word' id='word_1_1' title='bbox 638 563 750 622; x_wconf 82' lang='lat' dir='ltr'>LIBER</span> <span class='ocrx_word' id='word_1_2' title='bbox 767 565 918 626; x_wconf 78' lang='lat' dir='ltr'><strong>PRIMUS.</strong></span> <span class='ocrx_word' id='word_1_3' title='bbox 1269 565 1308 624; x_wconf 69' lang='lat'><strong>90</strong></span> 
     </span>
    </p>
   </div>
   <div class='ocr_carea' id='block_1_2' title="bbox 180 691 1311 2531">
    <p class='ocr_par' dir='ltr' id='par_1_2' title="bbox 245 691 1309 1346">
     <span class='ocr_line' id='line_1_2' title="bbox 245 691 1305 794; baseline 0.006 -28"><span class='ocrx_word' id='word_1_4' title='bbox 245 694 361 768; x_wconf 86' lang='lat' dir='ltr'><strong>secere</strong></span> <span class='ocrx_word' id='word_1_5' title='bbox 390 693 437 766; x_wconf 91' lang='lat' dir='ltr'><strong>de</strong></span> <span class='ocrx_word' id='word_1_6' title='bbox 458 691 692 794; x_wconf 89' lang='lat' dir='ltr'><strong>adimplendo</strong></span> <span class='ocrx_word' id='word_1_7' title='bbox 714 719 758 768; x_wconf 87' lang='lat' dir='ltr'><strong>ea</strong></span> <span class='ocrx_word' id='word_1_8' title='bbox 782 719 861 792; x_wconf 89' lang='lat' dir='ltr'><strong>quae</strong></span> <span class='ocrx_word' id='word_1_9' title='bbox 885 695 1032 794; x_wconf 88' lang='lat' dir='ltr'><strong>abipso</strong></span> <span class='ocrx_word' id='word_1_10' title='bbox 1056 693 1305 792; x_wconf 83' lang='lat' dir='ltr'><strong>desiderabat,</strong></span> 
     </span>
     <span class='ocr_line' id='line_1_3' title="bbox 245 809 1305 911; baseline 0.004 -29"><span class='ocrx_word' id='word_1_11' title='bbox 245 811 341 882; x_wconf 90' lang='lat' dir='ltr'><strong>misit</strong></span> <span class='ocrx_word' id='word_1_12' title='bbox 356 809 479 911; x_wconf 91' lang='lat' dir='ltr'><strong>denuo</strong></span> <span class='ocrx_word' id='word_1_13' title='bbox 496 810 543 882; x_wconf 87' lang='lat' dir='ltr'><strong>ad</strong></span> <span class='ocrx_word' id='word_1_14' title='bbox 560 810 731 883; x_wconf 90' lang='lat' dir='ltr'><strong>eumdem</strong></span> <span class='ocrx_word' id='word_1_15' title='bbox 748 809 880 889; x_wconf 89' lang='lat' dir='ltr'><strong>ducem</strong></span> <span class='ocrx_word' id='word_1_16' title='bbox 899 813 1069 886; x_wconf 91' lang='lat' dir='ltr'><strong>comitem</strong></span> <span class='ocrx_word' id='word_1_17' title='bbox 1085 816 1305 888; x_wconf 87' lang='lat' dir='ltr'><strong>Dunensem.</strong></span> 
     </span>
     <span class='ocr_line' id='line_1_4' title="bbox 246 925 1308 1024; baseline 0.006 -26"><span class='ocrx_word' id='word_1_18' title='bbox 246 927 312 998; x_wconf 92' lang='lat' dir='ltr'><strong>Cui</strong></span> <span class='ocrx_word' id='word_1_19' title='bbox 329 925 516 1024; x_wconf 82' lang='lat' dir='ltr'><strong>legationis</strong></span> <span class='ocrx_word' id='word_1_20' title='bbox 532 927 760 998; x_wconf 89' lang='lat' dir='ltr'><strong>committens</strong></span> <span class='ocrx_word' id='word_1_21' title='bbox 776 950 882 1020; x_wconf 91' lang='lat' dir='ltr'><strong>onus,</strong></span> <span class='ocrx_word' id='word_1_22' title='bbox 899 927 932 1002; x_wconf 92' lang='lat' dir='ltr'><strong>ei</strong></span> <span class='ocrx_word' id='word_1_23' title='bbox 949 926 1064 1000; x_wconf 88' lang='lat' dir='ltr'><strong>minas</strong></span> <span class='ocrx_word' id='word_1_24' title='bbox 1078 952 1201 1024; x_wconf 85' lang='lat' dir='ltr'><strong>graves</strong></span> <span class='ocrx_word' id='word_1_25' title='bbox 1214 930 1308 1004; x_wconf 91' lang='lat' dir='ltr'><strong>intu-</strong></span> 
     </span>
     <span class='ocr_line' id='line_1_5' title="bbox 245 1039 1308 1140; baseline 0.006 -26"><span class='ocrx_word' id='word_1_26' title='bbox 245 1041 325 1114; x_wconf 90' lang='lat' dir='ltr'><strong>lisse</strong></span> <span class='ocrx_word' id='word_1_27' title='bbox 340 1041 449 1140; x_wconf 87' lang='lat' dir='ltr'><strong>vulgo</strong></span> <span class='ocrx_word' id='word_1_28' title='bbox 466 1039 656 1134; x_wconf 85' lang='lat' dir='ltr'><strong>serebatur,</strong></span> <span class='ocrx_word' id='word_1_29' title='bbox 676 1042 819 1134; x_wconf 92' lang='lat' dir='ltr'><strong>sinon,</strong></span> <span class='ocrx_word' id='word_1_30' title='bbox 843 1043 890 1116; x_wconf 88' lang='lat' dir='ltr'><strong>ad</strong></span> <span class='ocrx_word' id='word_1_31' title='bbox 909 1068 993 1116; x_wconf 89' lang='lat' dir='ltr'><strong>eum</strong></span> <span class='ocrx_word' id='word_1_32' title='bbox 1012 1058 1211 1136; x_wconf 88' lang='lat' dir='ltr'><strong>revertens,</strong></span> <span class='ocrx_word' id='word_1_33' title='bbox 1232 1047 1308 1120; x_wconf 88' lang='lat' dir='ltr'><strong>voti</strong></span> 
     </span>
     <span class='ocr_line' id='line_1_6' title="bbox 245 1157 1309 1258; baseline 0.006 -29"><span class='ocrx_word' id='word_1_34' title='bbox 245 1158 300 1230; x_wconf 83' lang='lat' dir='ltr'><strong>sui</strong></span> <span class='ocrx_word' id='word_1_35' title='bbox 324 1159 590 1230; x_wconf 82' lang='lat' dir='ltr'><strong>exsecutionem</strong></span> <span class='ocrx_word' id='word_1_36' title='bbox 613 1172 650 1232; x_wconf 86' lang='lat' dir='ltr'><strong>et</strong></span> <span class='ocrx_word' id='word_1_37' title='bbox 677 1157 983 1258; x_wconf 82' lang='lat' dir='ltr'><strong>complementum</strong></span> <span class='ocrx_word' id='word_1_38' title='bbox 1008 1159 1222 1256; x_wconf 85' lang='lat' dir='ltr'><strong>acquisitum</strong></span> <span class='ocrx_word' id='word_1_39' title='bbox 1247 1185 1309 1236; x_wconf 93' lang='lat' dir='ltr'><strong>re·</strong></span> 
     </span>
     <span class='ocr_line' id='line_1_7' title="bbox 247 1272 514 1346; baseline 0.004 -2"><span class='ocrx_word' id='word_1_40' title='bbox 247 1272 364 1346; x_wconf 81' lang='lat' dir='ltr'><strong>ferret.</strong></span> <span class='ocrx_word' id='word_1_41' title='bbox 511 1277 514 1286; x_wconf 81' lang='grc'><em>’</em></span> 
     </span>
    </p>

    <p class='ocr_par' dir='ltr' id='par_1_3' title="bbox 180 1389 1311 2531">
     <span class='ocr_line' id='line_1_8' title="bbox 295 1389 1309 1491; baseline 0.008 -29"><span class='ocrx_word' id='word_1_42' title='bbox 295 1395 414 1478; x_wconf 86' lang='lat' dir='ltr'><strong>Quam</strong></span> <span class='ocrx_word' id='word_1_43' title='bbox 430 1389 644 1488; x_wconf 82' lang='lat' dir='ltr'><strong>legationem</strong></span> <span class='ocrx_word' id='word_1_44' title='bbox 659 1390 793 1461; x_wconf 90' lang='lat' dir='ltr'><strong>invitus</strong></span> <span class='ocrx_word' id='word_1_45' title='bbox 808 1389 968 1486; x_wconf 89' lang='lat' dir='ltr'><strong>quodam</strong></span> <span class='ocrx_word' id='word_1_46' title='bbox 986 1390 1098 1464; x_wconf 93' lang='lat' dir='ltr'><strong>modo</strong></span> <span class='ocrx_word' id='word_1_47' title='bbox 1112 1391 1309 1491; x_wconf 79' lang='lat' dir='ltr'><strong>suscipiens</strong></span> 
     </span>
     <span class='ocr_line' id='line_1_9' title="bbox 245 1506 1311 1602; baseline 0.003 -23"><span class='ocrx_word' id='word_1_48' title='bbox 245 1506 342 1580; x_wconf 90' lang='lat' dir='ltr'><strong>idem</strong></span> <span class='ocrx_word' id='word_1_49' title='bbox 353 1531 490 1594; x_wconf 87' lang='lat' dir='ltr'><strong>comes,</strong></span> <span class='ocrx_word' id='word_1_50' title='bbox 501 1530 566 1594; x_wconf 82' lang='lat' dir='ltr'><strong>per</strong></span> <span class='ocrx_word' id='word_1_51' title='bbox 576 1506 730 1602; x_wconf 79' lang='lat' dir='ltr'><strong>Ligerim</strong></span> <span class='ocrx_word' id='word_1_52' title='bbox 742 1506 777 1576; x_wconf 92' lang='lat' dir='ltr'><strong>in</strong></span> <span class='ocrx_word' id='word_1_53' title='bbox 793 1506 1014 1578; x_wconf 83' lang='lat' dir='ltr'><strong>Britanniam</strong></span> <span class='ocrx_word' id='word_1_54' title='bbox 1026 1506 1154 1580; x_wconf 90' lang='lat' dir='ltr'><strong>iterato</strong></span> <span class='ocrx_word' id='word_1_55' title='bbox 1165 1506 1311 1582; x_wconf 88' lang='lat' dir='ltr'><strong>descen·</strong></span> 
     </span>
     <span class='ocr_line' id='line_1_10' title="bbox 246 1601 1305 1722; baseline 0.003 -27"><span class='ocrx_word' id='word_1_56' title='bbox 246 1601 310 1696; x_wconf 90' lang='lat' dir='ltr'><strong>dit.</strong></span> <span class='ocrx_word' id='word_1_57' title='bbox 326 1626 460 1696; x_wconf 89' lang='lat' dir='ltr'><strong>Verum</strong></span> <span class='ocrx_word' id='word_1_58' title='bbox 473 1623 558 1719; x_wconf 90' lang='lat' dir='ltr'><strong>quia</strong></span> <span class='ocrx_word' id='word_1_59' title='bbox 569 1619 754 1696; x_wconf 86' lang='lat' dir='ltr'><strong>diffidebat</strong></span> <span class='ocrx_word' id='word_1_60' title='bbox 765 1645 803 1692; x_wconf 93' lang='lat' dir='ltr'><strong>se</strong></span> <span class='ocrx_word' id='word_1_61' title='bbox 814 1644 835 1694; x_wconf 90' lang='lat' dir='ltr'><strong>a</strong></span> <span class='ocrx_word' id='word_1_62' title='bbox 847 1620 939 1694; x_wconf 90' lang='lat' dir='ltr'><strong>duce</strong></span> <span class='ocrx_word' id='word_1_63' title='bbox 950 1646 1055 1720; x_wconf 89' lang='lat' dir='ltr'><strong>posse</strong></span> <span class='ocrx_word' id='word_1_64' title='bbox 1066 1647 1109 1696; x_wconf 88' lang='lat' dir='ltr'><strong>ea</strong></span> <span class='ocrx_word' id='word_1_65' title='bbox 1120 1627 1305 1722; x_wconf 87' lang='lat' dir='ltr'><strong>consequi,</strong></span> 
     </span>
     <span class='ocr_line' id='line_1_11' title="bbox 246 1735 1308 1838; baseline 0.004 -26"><span class='ocrx_word' id='word_1_66' title='bbox 246 1764 325 1838; x_wconf 87' lang='lat' dir='ltr'><strong>quae</strong></span> <span class='ocrx_word' id='word_1_67' title='bbox 343 1765 404 1812; x_wconf 89' lang='lat' dir='ltr'><strong>rex</strong></span> <span class='ocrx_word' id='word_1_68' title='bbox 425 1737 504 1811; x_wconf 88' lang='lat' dir='ltr'><strong>fieri</strong></span> <span class='ocrx_word' id='word_1_69' title='bbox 523 1735 691 1836; x_wconf 88' lang='lat' dir='ltr'><strong>cupiebat</strong></span> <span class='ocrx_word' id='word_1_70' title='bbox 708 1751 744 1810; x_wconf 91' lang='lat' dir='ltr'><strong>et</strong></span> <span class='ocrx_word' id='word_1_71' title='bbox 764 1735 833 1810; x_wconf 90' lang='lat' dir='ltr'><strong>sibi</strong></span> <span class='ocrx_word' id='word_1_72' title='bbox 851 1738 1102 1836; x_wconf 90' lang='lat' dir='ltr'><strong>prosequenda</strong></span> <span class='ocrx_word' id='word_1_73' title='bbox 1119 1742 1308 1816; x_wconf 86' lang='lat' dir='ltr'><strong>commise-</strong></span> 
     </span>
     <span class='ocr_line' id='line_1_12' title="bbox 246 1849 1308 1950; baseline 0.005 -24"><span class='ocrx_word' id='word_1_74' title='bbox 246 1869 319 1945; x_wconf 86' lang='lat' dir='ltr'><strong>rat,</strong></span> <span class='ocrx_word' id='word_1_75' title='bbox 340 1854 473 1926; x_wconf 88' lang='lat' dir='ltr'><strong>veritus</strong></span> <span class='ocrx_word' id='word_1_76' title='bbox 491 1877 566 1926; x_wconf 91' lang='lat' dir='ltr'><strong>non</strong></span> <span class='ocrx_word' id='word_1_77' title='bbox 582 1850 648 1924; x_wconf 86' lang='lat' dir='ltr'><strong>ahs</strong></span> <span class='ocrx_word' id='word_1_78' title='bbox 665 1876 703 1927; x_wconf 89' lang='lat' dir='ltr'><strong>re</strong></span> <span class='ocrx_word' id='word_1_79' title='bbox 721 1849 837 1924; x_wconf 84' lang='lat' dir='ltr'><strong>minas</strong></span> <span class='ocrx_word' id='word_1_80' title='bbox 860 1853 970 1950; x_wconf 91' lang='lat' dir='ltr'><strong>regis,</strong></span> <span class='ocrx_word' id='word_1_81' title='bbox 990 1877 1066 1924; x_wconf 94' lang='lat' dir='ltr'><strong>non</strong></span> <span class='ocrx_word' id='word_1_82' title='bbox 1088 1853 1165 1927; x_wconf 91' lang='lat' dir='ltr'><strong>sine</strong></span> <span class='ocrx_word' id='word_1_83' title='bbox 1182 1853 1308 1931; x_wconf 90' lang='lat' dir='ltr'><strong>bono-</strong></span> 
     </span>
     <span class='ocr_line' id='line_1_13' title="bbox 245 1965 1306 2069; baseline 0.007 -28"><span class='ocrx_word' id='word_1_84' title='bbox 245 1994 327 2042; x_wconf 94' lang='lat' dir='ltr'><strong>rum</strong></span> <span class='ocrx_word' id='word_1_85' title='bbox 338 1993 487 2042; x_wconf 92' lang='lat' dir='ltr'><strong>suorum</strong></span> <span class='ocrx_word' id='word_1_86' title='bbox 500 1965 688 2040; x_wconf 92' lang='lat' dir='ltr'><strong>mobilium</strong></span> <span class='ocrx_word' id='word_1_87' title='bbox 702 1966 850 2039; x_wconf 87' lang='lat' dir='ltr'><strong>meliore</strong></span> <span class='ocrx_word' id='word_1_88' title='bbox 864 1969 1032 2066; x_wconf 92' lang='lat' dir='ltr'><strong>portione</strong></span> <span class='ocrx_word' id='word_1_89' title='bbox 1047 1984 1100 2041; x_wconf 89' lang='lat' dir='ltr'><strong>est</strong></span> <span class='ocrx_word' id='word_1_90' title='bbox 1113 1971 1306 2069; x_wconf 86' lang='lat' dir='ltr'><strong>profectus.</strong></span> 
     </span>
     <span class='ocr_line' id='line_1_14' title="bbox 180 2081 1306 2184; baseline 0.005 -26"><span class='ocrx_word' id='word_1_91' title='bbox 180 2141 188 2159; x_wconf 73' lang='grc'>,</span> <span class='ocrx_word' id='word_1_92' title='bbox 246 2084 318 2157; x_wconf 89' lang='lat' dir='ltr'><strong>Sed</strong></span> <span class='ocrx_word' id='word_1_93' title='bbox 333 2108 412 2156; x_wconf 87' lang='lat' dir='ltr'><strong>eam</strong></span> <span class='ocrx_word' id='word_1_94' title='bbox 433 2107 555 2156; x_wconf 90' lang='lat' dir='ltr'><strong>secum</strong></span> <span class='ocrx_word' id='word_1_95' title='bbox 576 2081 674 2174; x_wconf 93' lang='lat' dir='ltr'><strong>tulit,</strong></span> <span class='ocrx_word' id='word_1_96' title='bbox 693 2083 852 2156; x_wconf 90' lang='lat' dir='ltr'><strong>incertus</strong></span> <span class='ocrx_word' id='word_1_97' title='bbox 871 2108 938 2176; x_wconf 92' lang='lat' dir='ltr'><strong>an,</strong></span> <span class='ocrx_word' id='word_1_98' title='bbox 958 2085 1096 2184; x_wconf 83' lang='lat' dir='ltr'><strong>expleta</strong></span> <span class='ocrx_word' id='word_1_99' title='bbox 1110 2085 1306 2182; x_wconf 80' lang='lat' dir='ltr'><strong>legatione,</strong></span> 
     </span>
     <span class='ocr_line' id='line_1_15' title="bbox 247 2199 1310 2300; baseline 0.006 -26"><span class='ocrx_word' id='word_1_100' title='bbox 247 2216 362 2276; x_wconf 92' lang='lat' dir='ltr'><strong>tutum</strong></span> <span class='ocrx_word' id='word_1_101' title='bbox 373 2201 441 2274; x_wconf 94' lang='lat' dir='ltr'><strong>sibi</strong></span> <span class='ocrx_word' id='word_1_102' title='bbox 455 2216 563 2298; x_wconf 86' lang='lat' dir='ltr'><strong>atque</strong></span> <span class='ocrx_word' id='word_1_103' title='bbox 573 2199 779 2272; x_wconf 90' lang='lat' dir='ltr'><strong>consultum</strong></span> <span class='ocrx_word' id='word_1_104' title='bbox 791 2199 882 2272; x_wconf 80' lang='lat' dir='ltr'><strong>foret</strong></span> <span class='ocrx_word' id='word_1_105' title='bbox 892 2200 939 2273; x_wconf 91' lang='lat' dir='ltr'><strong>ad</strong></span> <span class='ocrx_word' id='word_1_106' title='bbox 952 2226 1074 2300; x_wconf 90' lang='lat' dir='ltr'><strong>regem</strong></span> <span class='ocrx_word' id='word_1_107' title='bbox 1088 2205 1216 2277; x_wconf 89' lang='lat' dir='ltr'><strong>reverti</strong></span> <span class='ocrx_word' id='word_1_108' title='bbox 1230 2231 1310 2282; x_wconf 90' lang='lat' dir='ltr'><strong>neo·</strong></span> 
     </span>
     <span class='ocr_line' id='line_1_16' title="bbox 245 2314 1309 2416; baseline 0.004 -24"><span class='ocrx_word' id='word_1_109' title='bbox 245 2344 305 2392; x_wconf 92' lang='lat' dir='ltr'><strong>ne.</strong></span> <span class='ocrx_word' id='word_1_110' title='bbox 331 2318 454 2416; x_wconf 83' lang='lat' dir='ltr'><strong>Atqui,</strong></span> <span class='ocrx_word' id='word_1_111' title='bbox 477 2315 627 2389; x_wconf 87' lang='lat' dir='ltr'><strong>eumad</strong></span> <span class='ocrx_word' id='word_1_112' title='bbox 649 2314 780 2388; x_wconf 86' lang='lat' dir='ltr'><strong>ducem</strong></span> <span class='ocrx_word' id='word_1_113' title='bbox 803 2340 915 2411; x_wconf 90' lang='lat' dir='ltr'><strong>usque</strong></span> <span class='ocrx_word' id='word_1_114' title='bbox 937 2318 1155 2415; x_wconf 89' lang='lat' dir='ltr'><strong>pervenisset</strong></span> <span class='ocrx_word' id='word_1_115' title='bbox 1176 2336 1212 2394; x_wconf 91' lang='lat' dir='ltr'><strong>et</strong></span> <span class='ocrx_word' id='word_1_116' title='bbox 1234 2325 1309 2396; x_wconf 87' lang='lat' dir='ltr'><strong>voti</strong></span> 
     </span>
     <span class='ocr_line' id='line_1_17' title="bbox 245 2429 1309 2531; baseline 0.004 -23"><span class='ocrx_word' id='word_1_117' title='bbox 245 2435 300 2508; x_wconf 89' lang='lat' dir='ltr'><strong>sui</strong></span> <span class='ocrx_word' id='word_1_118' title='bbox 321 2458 443 2531; x_wconf 93' lang='lat' dir='ltr'><strong>regem</strong></span> <span class='ocrx_word' id='word_1_119' title='bbox 465 2445 671 2530; x_wconf 88' lang='lat' dir='ltr'><strong>compotem</strong></span> <span class='ocrx_word' id='word_1_120' title='bbox 693 2454 797 2528; x_wconf 89' lang='lat' dir='ltr'><strong>posse</strong></span> <span class='ocrx_word' id='word_1_121' title='bbox 820 2429 961 2504; x_wconf 86' lang='lat' dir='ltr'><strong>efficere</strong></span> <span class='ocrx_word' id='word_1_122' title='bbox 984 2432 1205 2531; x_wconf 89' lang='lat' dir='ltr'><strong>desperaret,</strong></span> <span class='ocrx_word' id='word_1_123' title='bbox 1234 2461 1309 2512; x_wconf 90' lang='lat' dir='ltr'><strong>non</strong></span> 
     </span>
    </p>
   </div>
   <div class='ocr_carea' id='block_1_3' title="bbox 244 2546 1373 3343">
    <p class='ocr_par' dir='ltr' id='par_1_4' title="bbox 245 2546 1309 2856">
     <span class='ocr_line' id='line_1_18' title="bbox 246 2546 1307 2649; baseline 0.001 -25"><span class='ocrx_word' id='word_1_124' title='bbox 246 2551 380 2625; x_wconf 88' lang='lat' dir='ltr'><strong>oblitus</strong></span> <span class='ocrx_word' id='word_1_125' title='bbox 402 2547 567 2649; x_wconf 85' lang='lat' dir='ltr'><strong>quaesibi</strong></span> <span class='ocrx_word' id='word_1_126' title='bbox 587 2569 651 2645; x_wconf 88' lang='lat' dir='ltr'><strong>per</strong></span> <span class='ocrx_word' id='word_1_127' title='bbox 671 2569 793 2642; x_wconf 89' lang='lat' dir='ltr'><strong>regem</strong></span> <span class='ocrx_word' id='word_1_128' title='bbox 811 2546 918 2618; x_wconf 89' lang='lat' dir='ltr'><strong>miuae</strong></span> <span class='ocrx_word' id='word_1_129' title='bbox 938 2546 1121 2622; x_wconf 87' lang='lat' dir='ltr'><strong>intentatae</strong></span> <span class='ocrx_word' id='word_1_130' title='bbox 1142 2551 1307 2646; x_wconf 81' lang='lat' dir='ltr'><strong>tuissent,</strong></span> 
     </span>
     <span class='ocr_line' id='line_1_19' title="bbox 245 2663 1309 2757; baseline 0.001 -16"><span class='ocrx_word' id='word_1_131' title='bbox 245 2667 401 2741; x_wconf 89' lang='lat' dir='ltr'><strong>decrevit</strong></span> <span class='ocrx_word' id='word_1_132' title='bbox 418 2665 574 2739; x_wconf 90' lang='lat' dir='ltr'><strong>reditum</strong></span> <span class='ocrx_word' id='word_1_133' title='bbox 589 2687 697 2736; x_wconf 93' lang='lat' dir='ltr'><strong>suum</strong></span> <span class='ocrx_word' id='word_1_134' title='bbox 714 2685 790 2736; x_wconf 89' lang='lat' dir='ltr'><strong>non</strong></span> <span class='ocrx_word' id='word_1_135' title='bbox 806 2675 1002 2757; x_wconf 88' lang='lat' dir='ltr'><strong>maturare,</strong></span> <span class='ocrx_word' id='word_1_136' title='bbox 1022 2663 1086 2736; x_wconf 88' lang='lat' dir='ltr'><strong>sed</strong></span> <span class='ocrx_word' id='word_1_137' title='bbox 1103 2665 1236 2741; x_wconf 91' lang='lat' dir='ltr'><strong>diutius</strong></span> <span class='ocrx_word' id='word_1_138' title='bbox 1251 2693 1309 2742; x_wconf 88' lang='lat' dir='ltr'><strong>re-</strong></span> 
     </span>
     <span class='ocr_line' id='line_1_20' title="bbox 246 2777 780 2856; baseline -0.015 -1"><span class='ocrx_word' id='word_1_139' title='bbox 246 2781 413 2856; x_wconf 87' lang='lat' dir='ltr'><strong>morandi</strong></span> <span class='ocrx_word' id='word_1_140' title='bbox 430 2803 553 2853; x_wconf 89' lang='lat' dir='ltr'><strong>causas</strong></span> <span class='ocrx_word' id='word_1_141' title='bbox 569 2777 780 2852; x_wconf 86' lang='lat' dir='ltr'><strong>assumere¹.</strong></span> 
     </span>
    </p>

    <p class='ocr_par' dir='ltr' id='par_1_5' title="bbox 244 2891 1373 3343">
     <span class='ocr_line' id='line_1_21' title="bbox 294 2891 1307 2992; baseline -0.002 -20"><span class='ocrx_word' id='word_1_142' title='bbox 294 2899 441 2972; x_wconf 91' lang='lat' dir='ltr'><strong>lnterim</strong></span> <span class='ocrx_word' id='word_1_143' title='bbox 452 2912 584 2989; x_wconf 89' lang='lat' dir='ltr'><strong>autern,</strong></span> <span class='ocrx_word' id='word_1_144' title='bbox 602 2896 696 2968; x_wconf 91' lang='lat' dir='ltr'><strong>inter</strong></span> <span class='ocrx_word' id='word_1_145' title='bbox 710 2892 881 2992; x_wconf 89' lang='lat' dir='ltr'><strong>plurimas</strong></span> <span class='ocrx_word' id='word_1_146' title='bbox 901 2891 1032 2991; x_wconf 91' lang='lat' dir='ltr'><strong>quibus</strong></span> <span class='ocrx_word' id='word_1_147' title='bbox 1049 2894 1172 2967; x_wconf 92' lang='lat' dir='ltr'><strong>animo</strong></span> <span class='ocrx_word' id='word_1_148' title='bbox 1185 2909 1307 2972; x_wconf 82' lang='lat' dir='ltr'><strong>aestua-</strong></span> 
     </span>
     <span class='ocr_line' id='line_1_22' title="bbox 245 3007 1306 3106; baseline -0.003 -16"><span class='ocrx_word' id='word_1_149' title='bbox 245 3015 307 3090; x_wconf 88' lang='lat' dir='ltr'><strong>bat</strong></span> <span class='ocrx_word' id='word_1_150' title='bbox 337 3041 400 3089; x_wconf 81' lang='lat' dir='ltr'><strong>rex</strong></span> <span class='ocrx_word' id='word_1_151' title='bbox 432 3039 554 3106; x_wconf 89' lang='lat' dir='ltr'><strong>curas,</strong></span> <span class='ocrx_word' id='word_1_152' title='bbox 579 3026 633 3084; x_wconf 81' lang='lat' dir='ltr'><strong>&#39;ut</strong></span> <span class='ocrx_word' id='word_1_153' title='bbox 667 3011 810 3085; x_wconf 88' lang='lat' dir='ltr'><strong>tolleret</strong></span> <span class='ocrx_word' id='word_1_154' title='bbox 841 3007 1040 3103; x_wconf 86' lang='lat' dir='ltr'><strong>fastidium,</strong></span> <span class='ocrx_word' id='word_1_155' title='bbox 1075 3034 1120 3083; x_wconf 85' lang='lat' dir='ltr'><strong>err</strong></span> <span class='ocrx_word' id='word_1_156' title='bbox 1153 3011 1306 3100; x_wconf 82' lang='lat' dir='ltr'><strong>Turonis</strong></span> 
     </span>
     <span class='ocr_line' id='line_1_23' title="bbox 244 3123 1307 3212; baseline -0.004 -6"><span class='ocrx_word' id='word_1_157' title='bbox 244 3133 291 3206; x_wconf 87' lang='lat' dir='ltr'><strong>ad</strong></span> <span class='ocrx_word' id='word_1_158' title='bbox 314 3131 441 3207; x_wconf 86' lang='lat' dir='ltr'><strong>urbem</strong></span> <span class='ocrx_word' id='word_1_159' title='bbox 463 3131 614 3207; x_wconf 88' lang='lat' dir='ltr'><strong>Pictavis</strong></span> <span class='ocrx_word' id='word_1_160' title='bbox 636 3153 674 3200; x_wconf 90' lang='lat' dir='ltr'><strong>se</strong></span> <span class='ocrx_word' id='word_1_161' title='bbox 696 3125 861 3200; x_wconf 90' lang='lat' dir='ltr'><strong>contulit.</strong></span> <span class='ocrx_word' id='word_1_162' title='bbox 887 3123 1007 3212; x_wconf 91' lang='lat' dir='ltr'><strong>Unde,</strong></span> <span class='ocrx_word' id='word_1_163' title='bbox 1032 3148 1152 3197; x_wconf 88' lang='lat' dir='ltr'><strong>versus</strong></span> <span class='ocrx_word' id='word_1_164' title='bbox 1172 3131 1307 3202; x_wconf 89' lang='lat' dir='ltr'><strong>Vasco·</strong></span> 
     </span>
     <span class='ocr_line' id='line_1_24' title="bbox 245 3239 1373 3343; baseline -0.004 -23"><span class='ocrx_word' id='word_1_165' title='bbox 245 3247 355 3341; x_wconf 87' lang='lat' dir='ltr'><strong>niam,</strong></span> <span class='ocrx_word' id='word_1_166' title='bbox 375 3246 421 3319; x_wconf 87' lang='lat' dir='ltr'><strong>ad</strong></span> <span class='ocrx_word' id='word_1_167' title='bbox 437 3243 676 3343; x_wconf 90' lang='lat' dir='ltr'><strong>nescioquod</strong></span> <span class='ocrx_word' id='word_1_168' title='bbox 693 3241 889 3315; x_wconf 90' lang='lat' dir='ltr'><strong>oratorium</strong></span> <span class='ocrx_word' id='word_1_169' title='bbox 907 3243 1019 3311; x_wconf 87' lang='lat' dir='ltr'><strong>Beatae</strong></span> <span class='ocrx_word' id='word_1_170' title='bbox 1034 3239 1181 3335; x_wconf 82' lang='lat' dir='ltr'><strong>Mariae&#39;,</strong></span> <span class='ocrx_word' id='word_1_171' title='bbox 1199 3241 1308 3318; x_wconf 87' lang='lat' dir='ltr'><strong>devo·</strong></span> <span class='ocrx_word' id='word_1_172' title='bbox 1370 3260 1373 3269; x_wconf 86' lang='lat'>&#39;</span> 
     </span>
    </p>
   </div>
   <div class='ocr_carea' id='block_1_4' title="bbox 243 3406 1310 4390">
    <p class='ocr_par' dir='ltr' id='par_1_6' title="bbox 243 3406 1309 4213">
     <span class='ocr_line' id='line_1_25' title="bbox 286 3406 1308 3486; baseline -0.002 -10"><span class='ocrx_word' id='word_1_173' title='bbox 286 3420 316 3476; x_wconf 91' lang='lat' dir='ltr'><strong>l.</strong></span> <span class='ocrx_word' id='word_1_174' title='bbox 337 3420 476 3476; x_wconf 82' lang='lat' dir='ltr'><strong>L’auteur</strong></span> <span class='ocrx_word' id='word_1_175' title='bbox 488 3413 612 3485; x_wconf 88' lang='lat' dir='ltr'><strong>revient,</strong></span> <span class='ocrx_word' id='word_1_176' title='bbox 627 3410 699 3470; x_wconf 91' lang='lat' dir='ltr'><strong>dans</strong></span> <span class='ocrx_word' id='word_1_177' title='bbox 713 3410 741 3468; x_wconf 85' lang='lat' dir='ltr'><strong>la</strong></span> <span class='ocrx_word' id='word_1_178' title='bbox 757 3406 888 3486; x_wconf 88' lang='lat' dir='ltr'><strong>chapitre</strong></span> <span class='ocrx_word' id='word_1_179' title='bbox 899 3407 1026 3482; x_wconf 85' lang='lat' dir='ltr'><strong>suivant,</strong></span> <span class='ocrx_word' id='word_1_180' title='bbox 1041 3427 1093 3468; x_wconf 84' lang='lat' dir='ltr'><strong>sur</strong></span> <span class='ocrx_word' id='word_1_181' title='bbox 1106 3422 1180 3470; x_wconf 87' lang='lat' dir='ltr'><strong>cette</strong></span> <span class='ocrx_word' id='word_1_182' title='bbox 1194 3409 1308 3474; x_wconf 74' lang='lat' dir='ltr'><strong>arnber-</strong></span> 
     </span>
     <span class='ocr_line' id='line_1_26' title="bbox 244 3496 1307 3574; baseline 0 -7"><span class='ocrx_word' id='word_1_183' title='bbox 244 3506 325 3574; x_wconf 84' lang='lat' dir='ltr'><strong>sade,</strong></span> <span class='ocrx_word' id='word_1_184' title='bbox 341 3525 378 3566; x_wconf 91' lang='lat' dir='ltr'><strong>en</strong></span> <span class='ocrx_word' id='word_1_185' title='bbox 394 3505 435 3564; x_wconf 91' lang='lat' dir='ltr'><strong>lui</strong></span> <span class='ocrx_word' id='word_1_186' title='bbox 451 3504 582 3563; x_wconf 89' lang='lat' dir='ltr'><strong>dormant</strong></span> <span class='ocrx_word' id='word_1_187' title='bbox 600 3514 675 3562; x_wconf 87' lang='lat' dir='ltr'><strong>cette</strong></span> <span class='ocrx_word' id='word_1_188' title='bbox 688 3500 743 3558; x_wconf 90' lang='lat' dir='ltr'><strong>fois</strong></span> <span class='ocrx_word' id='word_1_189' title='bbox 756 3519 788 3558; x_wconf 87' lang='lat' dir='ltr'><strong>sa</strong></span> <span class='ocrx_word' id='word_1_190' title='bbox 800 3496 941 3558; x_wconf 86' lang='lat' dir='ltr'><strong>ve&#39;ritable</strong></span> <span class='ocrx_word' id='word_1_191' title='bbox 954 3496 1037 3571; x_wconf 87' lang='lat' dir='ltr'><strong>date,</strong></span> <span class='ocrx_word' id='word_1_192' title='bbox 1052 3519 1102 3560; x_wconf 85' lang='lat' dir='ltr'><strong>car</strong></span> <span class='ocrx_word' id='word_1_193' title='bbox 1115 3499 1171 3562; x_wconf 88' lang='lat' dir='ltr'><strong>elle</strong></span> <span class='ocrx_word' id='word_1_194' title='bbox 1185 3515 1235 3562; x_wconf 89' lang='lat' dir='ltr'><strong>eut</strong></span> <span class='ocrx_word' id='word_1_195' title='bbox 1248 3504 1307 3568; x_wconf 87' lang='lat' dir='ltr'><strong>lieu</strong></span> 
     </span>
     <span class='ocr_line' id='line_1_27' title="bbox 244 3585 1307 3669; baseline -0.005 -13"><span class='ocrx_word' id='word_1_196' title='bbox 244 3615 283 3656; x_wconf 87' lang='lat' dir='ltr'><strong>au</strong></span> <span class='ocrx_word' id='word_1_197' title='bbox 299 3607 428 3654; x_wconf 90' lang='lat' dir='ltr'><strong>moment</strong></span> <span class='ocrx_word' id='word_1_198' title='bbox 441 3597 480 3652; x_wconf 79' lang='lat' dir='ltr'><strong>ou</strong></span> <span class='ocrx_word' id='word_1_199' title='bbox 494 3613 526 3654; x_wconf 89' lang='lat' dir='ltr'><strong>se</strong></span> <span class='ocrx_word' id='word_1_200' title='bbox 544 3590 681 3652; x_wconf 84' lang='lat' dir='ltr'><strong>de&#39;clarait</strong></span> <span class='ocrx_word' id='word_1_201' title='bbox 694 3589 723 3648; x_wconf 90' lang='lat' dir='ltr'><strong>la</strong></span> <span class='ocrx_word' id='word_1_202' title='bbox 736 3587 931 3666; x_wconf 88' lang='lat' dir='ltr'><strong>conspiratiou</strong></span> <span class='ocrx_word' id='word_1_203' title='bbox 953 3585 993 3646; x_wconf 93' lang='lat' dir='ltr'><strong>du</strong></span> <span class='ocrx_word' id='word_1_204' title='bbox 1013 3587 1085 3648; x_wconf 78' lang='lat' dir='ltr'><strong>Bion</strong></span> <span class='ocrx_word' id='word_1_205' title='bbox 1102 3590 1219 3669; x_wconf 91' lang='lat' dir='ltr'><strong>public,</strong></span> <span class='ocrx_word' id='word_1_206' title='bbox 1234 3594 1307 3658; x_wconf 76' lang='lat' dir='ltr'><strong>dans</strong></span> 
     </span>
     <span class='ocr_line' id='line_1_28' title="bbox 243 3675 1307 3765; baseline 0 -19"><span class='ocrx_word' id='word_1_207' title='bbox 243 3685 369 3765; x_wconf 88' lang='lat' dir='ltr'><strong>laquelle</strong></span> <span class='ocrx_word' id='word_1_208' title='bbox 382 3685 410 3744; x_wconf 94' lang='lat' dir='ltr'><strong>le</strong></span> <span class='ocrx_word' id='word_1_209' title='bbox 423 3696 517 3744; x_wconf 88' lang='lat' dir='ltr'><strong>comte</strong></span> <span class='ocrx_word' id='word_1_210' title='bbox 532 3682 568 3742; x_wconf 87' lang='lat' dir='ltr'><strong>de</strong></span> <span class='ocrx_word' id='word_1_211' title='bbox 581 3679 694 3742; x_wconf 86' lang='lat' dir='ltr'><strong>Dunois</strong></span> <span class='ocrx_word' id='word_1_212' title='bbox 707 3677 776 3738; x_wconf 75' lang='lat' dir='ltr'><strong>erait</strong></span> <span class='ocrx_word' id='word_1_213' title='bbox 790 3676 911 3758; x_wconf 79' lang='lat' dir='ltr'><strong>engage.</strong></span> <span class='ocrx_word' id='word_1_214' title='bbox 927 3675 950 3734; x_wconf 91' lang='lat' dir='ltr'><strong>ll</strong></span> <span class='ocrx_word' id='word_1_215' title='bbox 970 3676 1062 3736; x_wconf 81' lang='lat' dir='ltr'><strong>fallait</strong></span> <span class='ocrx_word' id='word_1_216' title='bbox 1074 3679 1257 3744; x_wconf 86' lang='lat' dir='ltr'><strong>mentionoer</strong></span> <span class='ocrx_word' id='word_1_217' title='bbox 1269 3686 1307 3746; x_wconf 91' lang='lat' dir='ltr'><strong>ici</strong></span> 
     </span>
     <span class='ocr_line' id='line_1_29' title="bbox 244 3765 1306 3854; baseline 0.001 -18"><span class='ocrx_word' id='word_1_218' title='bbox 244 3797 303 3836; x_wconf 87' lang='lat' dir='ltr'><strong>une</strong></span> <span class='ocrx_word' id='word_1_219' title='bbox 321 3788 404 3836; x_wconf 86' lang='lat' dir='ltr'><strong>autre</strong></span> <span class='ocrx_word' id='word_1_220' title='bbox 416 3771 598 3844; x_wconf 88' lang='lat' dir='ltr'><strong>ambassade‚</strong></span> <span class='ocrx_word' id='word_1_221' title='bbox 613 3770 687 3830; x_wconf 86' lang='lat' dir='ltr'><strong>celle</strong></span> <span class='ocrx_word' id='word_1_222' title='bbox 705 3767 810 3828; x_wconf 91' lang='lat' dir='ltr'><strong>d&#39;Odet</strong></span> <span class='ocrx_word' id='word_1_223' title='bbox 824 3765 950 3848; x_wconf 78' lang='lat' dir='ltr'><strong>d’Aydie</strong></span> <span class='ocrx_word' id='word_1_224' title='bbox 967 3769 1080 3847; x_wconf 77' lang='lat' dir='ltr'><strong>envoye</strong></span> <span class='ocrx_word' id='word_1_225' title='bbox 1095 3787 1135 3830; x_wconf 82' lang='lat' dir='ltr'><strong>uu</strong></span> <span class='ocrx_word' id='word_1_226' title='bbox 1153 3773 1199 3832; x_wconf 93' lang='lat' dir='ltr'><strong>roi</strong></span> <span class='ocrx_word' id='word_1_227' title='bbox 1211 3795 1265 3854; x_wconf 89' lang='lat' dir='ltr'><strong>par</strong></span> <span class='ocrx_word' id='word_1_228' title='bbox 1279 3777 1306 3838; x_wconf 87' lang='lat' dir='ltr'><strong>le</strong></span> 
     </span>
     <span class='ocr_line' id='line_1_30' title="bbox 243 3854 1307 3944; baseline -0.001 -20"><span class='ocrx_word' id='word_1_229' title='bbox 243 3864 300 3924; x_wconf 90' lang='lat' dir='ltr'><strong>duc</strong></span> <span class='ocrx_word' id='word_1_230' title='bbox 313 3865 350 3926; x_wconf 90' lang='lat' dir='ltr'><strong>de</strong></span> <span class='ocrx_word' id='word_1_231' title='bbox 363 3869 505 3944; x_wconf 82' lang='lat' dir='ltr'><strong>Bretagne</strong></span> <span class='ocrx_word' id='word_1_232' title='bbox 523 3864 554 3942; x_wconf 75' lang='lat'><strong>(2</strong></span> <span class='ocrx_word' id='word_1_233' title='bbox 570 3861 769 3932; x_wconf 69' lang='lat' dir='ltr'><strong>marsitas),</strong></span> <span class='ocrx_word' id='word_1_234' title='bbox 785 3876 853 3918; x_wconf 91' lang='lat' dir='ltr'><strong>sous</strong></span> <span class='ocrx_word' id='word_1_235' title='bbox 866 3856 997 3935; x_wconf 76' lang='lat' dir='ltr'><strong>preterte</strong></span> <span class='ocrx_word' id='word_1_236' title='bbox 1011 3854 1158 3918; x_wconf 89' lang='lat' dir='ltr'><strong>d&#39;obtenir</strong></span> <span class='ocrx_word' id='word_1_237' title='bbox 1175 3881 1232 3922; x_wconf 90' lang='lat' dir='ltr'><strong>une</strong></span> <span class='ocrx_word' id='word_1_238' title='bbox 1249 3882 1307 3924; x_wconf 88' lang='lat' dir='ltr'><strong>en-</strong></span> 
     </span>
     <span class='ocr_line' id='line_1_31' title="bbox 244 3944 1309 4022; baseline -0.004 -8"><span class='ocrx_word' id='word_1_239' title='bbox 244 3966 346 4014; x_wconf 87' lang='lat' dir='ltr'><strong>trevue</strong></span> <span class='ocrx_word' id='word_1_240' title='bbox 363 3955 403 4012; x_wconf 80' lang='lat' dir='ltr'><strong>orl</strong></span> <span class='ocrx_word' id='word_1_241' title='bbox 419 3952 447 4012; x_wconf 89' lang='lat' dir='ltr'><strong>le</strong></span> <span class='ocrx_word' id='word_1_242' title='bbox 462 3952 519 4012; x_wconf 91' lang='lat' dir='ltr'><strong>duc</strong></span> <span class='ocrx_word' id='word_1_243' title='bbox 537 3972 567 4012; x_wconf 90' lang='lat' dir='ltr'><strong>se</strong></span> <span class='ocrx_word' id='word_1_244' title='bbox 587 3951 676 4012; x_wconf 90' lang='lat' dir='ltr'><strong>serait</strong></span> <span class='ocrx_word' id='word_1_245' title='bbox 693 3947 848 4009; x_wconf 82' lang='lat' dir='ltr'><strong>reconcilie&#39;</strong></span> <span class='ocrx_word' id='word_1_246' title='bbox 862 3965 934 4006; x_wconf 84' lang='lat' dir='ltr'><strong>avec</strong></span> <span class='ocrx_word' id='word_1_247' title='bbox 949 3945 976 4004; x_wconf 88' lang='lat' dir='ltr'><strong>le</strong></span> <span class='ocrx_word' id='word_1_248' title='bbox 991 3944 1050 4022; x_wconf 91' lang='lat' dir='ltr'><strong>roi,</strong></span> <span class='ocrx_word' id='word_1_249' title='bbox 1068 3948 1142 4008; x_wconf 82' lang='lat' dir='ltr'><strong>mais</strong></span> <span class='ocrx_word' id='word_1_250' title='bbox 1154 3969 1192 4010; x_wconf 86' lang='lat' dir='ltr'><strong>en</strong></span> <span class='ocrx_word' id='word_1_251' title='bbox 1207 3953 1309 4016; x_wconf 70' lang='lat' dir='ltr'><strong>re&#39;alite</strong></span> 
     </span>
     <span class='ocr_line' id='line_1_32' title="bbox 243 4033 1308 4122; baseline -0.007 -20"><span class='ocrx_word' id='word_1_252' title='bbox 243 4062 319 4121; x_wconf 90' lang='lat' dir='ltr'><strong>pour</strong></span> <span class='ocrx_word' id='word_1_253' title='bbox 332 4041 452 4102; x_wconf 88' lang='lat' dir='ltr'><strong>enlever</strong></span> <span class='ocrx_word' id='word_1_254' title='bbox 472 4041 500 4099; x_wconf 89' lang='lat' dir='ltr'><strong>le</strong></span> <span class='ocrx_word' id='word_1_255' title='bbox 520 4041 620 4120; x_wconf 86' lang='lat' dir='ltr'><strong>prince</strong></span> <span class='ocrx_word' id='word_1_256' title='bbox 638 4037 773 4110; x_wconf 86' lang='lat' dir='ltr'><strong>Charles,</strong></span> <span class='ocrx_word' id='word_1_257' title='bbox 788 4055 902 4094; x_wconf 88' lang='lat' dir='ltr'><strong>comme</strong></span> <span class='ocrx_word' id='word_1_258' title='bbox 923 4053 961 4092; x_wconf 92' lang='lat' dir='ltr'><strong>on</strong></span> <span class='ocrx_word' id='word_1_259' title='bbox 983 4033 1010 4094; x_wconf 92' lang='lat' dir='ltr'><strong>le</strong></span> <span class='ocrx_word' id='word_1_260' title='bbox 1031 4049 1150 4096; x_wconf 82' lang='lat' dir='ltr'><strong>raconte</strong></span> <span class='ocrx_word' id='word_1_261' title='bbox 1166 4041 1308 4122; x_wconf 54' lang='lat' dir='ltr'><strong>quelque.</strong></span> 
     </span>
     <span class='ocr_line' id='line_1_33' title="bbox 244 4123 1070 4213; baseline -0.007 -23"><span class='ocrx_word' id='word_1_262' title='bbox 244 4131 337 4213; x_wconf 87' lang='lat' dir='ltr'><strong>lignes</strong></span> <span class='ocrx_word' id='word_1_263' title='bbox 351 4131 417 4212; x_wconf 88' lang='lat' dir='ltr'><strong>plus</strong></span> <span class='ocrx_word' id='word_1_264' title='bbox 429 4129 491 4191; x_wconf 85' lang='lat' dir='ltr'><strong>bas.</strong></span> <span class='ocrx_word' id='word_1_265' title='bbox 506 4133 543 4189; x_wconf 92' lang='lat' dir='ltr'><strong>D.</strong></span> <span class='ocrx_word' id='word_1_266' title='bbox 556 4129 678 4204; x_wconf 86' lang='lat' dir='ltr'><strong>Murice,</strong></span> <span class='ocrx_word' id='word_1_267' title='bbox 691 4131 826 4200; x_wconf 70' lang='lat' dir='ltr'><strong>Pronoea,</strong></span> <span class='ocrx_word' id='word_1_268' title='bbox 842 4137 864 4182; x_wconf 90' lang='lat' dir='ltr'><strong>t.</strong></span> <span class='ocrx_word' id='word_1_269' title='bbox 880 4127 934 4198; x_wconf 84' lang='grc' dir='ltr'>ΙΙΙ,</span> <span class='ocrx_word' id='word_1_270' title='bbox 949 4123 1006 4184; x_wconf 91' lang='lat' dir='ltr'><strong>col.</strong></span> <span class='ocrx_word' id='word_1_271' title='bbox 1020 4126 1070 4186; x_wconf 82' lang='lat'><strong>92.</strong></span> 
     </span>
    </p>

    <p class='ocr_par' dir='ltr' id='par_1_7' title="bbox 244 4213 1310 4390">
     <span class='ocr_line' id='line_1_34' title="bbox 284 4213 1310 4293; baseline -0.008 -13"><span class='ocrx_word' id='word_1_272' title='bbox 284 4223 314 4284; x_wconf 73' lang='lat'><strong>2.</strong></span> <span class='ocrx_word' id='word_1_273' title='bbox 337 4223 485 4282; x_wconf 84' lang='lat' dir='ltr'><strong>Plusieurs</strong></span> <span class='ocrx_word' id='word_1_274' title='bbox 497 4219 596 4278; x_wconf 86' lang='lat' dir='ltr'><strong>lettres</strong></span> <span class='ocrx_word' id='word_1_275' title='bbox 609 4217 649 4276; x_wconf 92' lang='lat' dir='ltr'><strong>du</strong></span> <span class='ocrx_word' id='word_1_276' title='bbox 664 4217 708 4276; x_wconf 92' lang='lat' dir='ltr'><strong>roi</strong></span> <span class='ocrx_word' id='word_1_277' title='bbox 721 4215 772 4293; x_wconf 91' lang='lat' dir='ltr'><strong>qui</strong></span> <span class='ocrx_word' id='word_1_278' title='bbox 785 4230 858 4274; x_wconf 89' lang='lat' dir='ltr'><strong>nous</strong></span> <span class='ocrx_word' id='word_1_279' title='bbox 876 4213 985 4276; x_wconf 77' lang='lat' dir='ltr'><strong>ont&#39;e&#39;te&#39;r</strong></span> <span class='ocrx_word' id='word_1_280' title='bbox 1001 4215 1174 4276; x_wconf 71' lang='lat' dir='ltr'><strong>conservem</strong></span> <span class='ocrx_word' id='word_1_281' title='bbox 1187 4222 1230 4291; x_wconf 83' lang='lat' dir='ltr'><strong>(J.</strong></span> <span class='ocrx_word' id='word_1_282' title='bbox 1245 4225 1310 4284; x_wconf 80' lang='lat' dir='ltr'><strong>Du.</strong></span> 
     </span>
     <span class='ocr_line' id='line_1_35' title="bbox 244 4302 1310 4390; baseline -0.006 -22"><span class='ocrx_word' id='word_1_283' title='bbox 244 4310 351 4390; x_wconf 88' lang='lat' dir='ltr'><strong>clercq,</strong></span> <span class='ocrx_word' id='word_1_284' title='bbox 362 4311 383 4370; x_wconf 94' lang='lat' dir='ltr'><strong>l.</strong></span> <span class='ocrx_word' id='word_1_285' title='bbox 396 4313 431 4385; x_wconf 88' lang='lat' dir='ltr'><strong>V,</strong></span> <span class='ocrx_word' id='word_1_286' title='bbox 444 4309 491 4372; x_wconf 90' lang='lat' dir='ltr'><strong>ch.</strong></span> <span class='ocrx_word' id='word_1_287' title='bbox 504 4307 587 4384; x_wconf 80' lang='lat' dir='ltr'><strong>xxiij,</strong></span> <span class='ocrx_word' id='word_1_288' title='bbox 600 4317 629 4365; x_wconf 92' lang='lat' dir='ltr'><strong>et</strong></span> <span class='ocrx_word' id='word_1_289' title='bbox 638 4311 813 4365; x_wconf 77' lang='lat' dir='ltr'><strong>Documenta</strong></span> <span class='ocrx_word' id='word_1_290' title='bbox 821 4302 938 4376; x_wconf 78' lang='lat' dir='ltr'><strong>iue&#39;dits,</strong></span> <span class='ocrx_word' id='word_1_291' title='bbox 949 4305 1108 4381; x_wconf 65' lang='lat' dir='ltr'><strong>Melange,</strong></span> <span class='ocrx_word' id='word_1_292' title='bbox 1119 4315 1140 4364; x_wconf 90' lang='lat' dir='ltr'><strong>t.</strong></span> <span class='ocrx_word' id='word_1_293' title='bbox 1152 4309 1204 4386; x_wconf 91' lang='lat'><strong>11),</strong></span> <span class='ocrx_word' id='word_1_294' title='bbox 1218 4329 1310 4390; x_wconf 80' lang='lat' dir='ltr'><strong>prou.</strong></span> 
     </span>
    </p>
   </div>
   <div class='ocr_carea' id='block_1_5' title="bbox 0 0 1696 5184">
    <p class='ocr_par' dir='ltr' id='par_1_8' title="bbox 0 0 1696 5184">
     <span class='ocr_line' id='line_1_36' title="bbox 0 0 1696 5184; baseline 0 0"><span class='ocrx_word' id='word_1_295' title='bbox 0 0 1696 5184; x_wconf 95' lang='lat' dir='ltr'><strong> </strong></span> 
     </span>
    </p>
   </div>
  </div>
 </body>
</html>
