3402 5186
380 535 418 589 rs
611 541 615 552 ⁸
654 529 908 588 msronnnnu
928 527 1106 587 nunovrn
1125 527 1169 584 ru

380 688 509 760 magna
530 676 637 760 atque
659 660 772 733 nobili
791 660 876 734 cleri
901 675 1042 732 caterva
1065 659 1219 756 stipate,
1246 655 1442 728 honorabi-

380 780 460 850 liter
476 793 528 850 est
544 790 724 876 exceptus.
749 778 820 865 Qui
845 777 952 848 etiam
972 776 1175 871 juramenta
1197 797 1276 871 quae
1292 787 1441 870 perante

382 895 511 982 Remis,
531 897 568 966 in
585 918 649 966 sua
665 895 957 980 consecratione,
977 891 1201 989 praestiterat,
1219 887 1440 985 detegendo

380 1009 544 1082 videlicet
563 1025 598 1082 et
617 1007 751 1082 tuendo
767 1033 917 1104 regnum
933 1007 1106 1108 regnique
1124 1005 1265 1078 accolas
1281 1003 1328 1076 ab
1345 1000 1443 1100 inju-

381 1123 461 1215 riis,
492 1124 699 1219 eisdemque
729 1121 965 1197 ministrando
999 1135 1035 1192 et
1064 1118 1269 1192 exhibendo
1300 1117 1442 1214 justitiae

381 1239 713 1339 complementum,
751 1237 906 1312 ecclesiis
936 1251 972 1308 et
1003 1235 1248 1308 ecclesiasticis
1280 1234 1442 1334 personis

381 1356 627 1428 conservando
651 1355 873 1454 privilegium
893 1355 1111 1428 canonicum
1121 1357 1143 1447 ¹,
1166 1378 1250 1447 eum
1279 1365 1442 1452 praestare

382 1484 489 1573 atque
505 1471 632 1542 iterare
649 1469 742 1562 lecit,
757 1468 859 1566 justa
875 1469 985 1541 ritum
1002 1484 1038 1540 et
1055 1483 1195 1541 morem
1208 1465 1443 1567 praedecesso

383 1611 463 1657 rum
485 1610 646 1657 suorum.
678 1589 789 1657 Porro
811 1585 1020 1683 priusquam
1039 1583 1167 1656 urbem
1182 1583 1369 1671 introiret,
1395 1581 1443 1656 ab

383 1699 512 1776 eodem
528 1700 697 1800 pontifice
714 1701 783 1773 sibi
799 1701 900 1800 petiit
914 1700 1055 1772 ostendi
1068 1699 1223 1799 capitula
1235 1695 1443 1795 hujusmodi

378 1818 586 1913 juramenti.
607 1823 694 1907 Qnae
710 1819 793 1889 c'um
810 1841 853 1888 ex
869 1817 1013 1888 vetustis
1031 1815 1185 1888 ecclesiae
1201 1814 1322 1908 libris,
1342 1811 1445 1910 'juxta

382 1947 555 2006 vetustam
572 1933 750 2034 descripta
765 1932 1083 2023 consuetudinem,
1113 1932 1181 2006 sibi
1197 1946 1339 2004 ostensa
1359 1930 1444 2002 luis·

383 2065 475 2140 sent,
495 2050 619 2122 eadem
636 2049 700 2120 diu
717 2049 801 2122 satis
817 2048 1055 2146 praestiturum
1071 2073 1108 2121 se
1122 2049 1277 2146 negavit,
1296 2046 1344 2119 ob
1356 2045 1444 2119 illud

384 2167 603 2266 praecipuum
615 2165 811 2263 capitulum
825 2161 927 2263 quod
942 2165 1106 2236 ecclesias
1121 2155 1445 2260 ecclesiasticasque

385 2308 557 2383 personas
579 2282 721 2381 respicit
745 2295 780 2354 et
798 2279 984 2378 contingit.
1016 2284 1068 2352 Ex
1091 2306 1164 2380 quo
1190 2281 1272 2352 satis
1296 2281 1447 2377 qualiter
1544 2311 1548 2318 ·

384 2397 583 2470 alliceretur
611 2395 773 2468 Ecclesiae
803 2393 919 2492 'atque
940 2395 1123 2492 religioni,
1156 2395 1272 2468 verbis
1299 2394 1447 2492 quidem

387 2526 478 2603 tum,
506 2512 569 2584 sed
586 2513 693 2609 longe
710 2509 863 2609 amplius
879 2524 915 2581 et
930 2508 1146 2582 luculentius
1168 2509 1267 2583 sactis
1286 2509 1449 2610 plurimis

386 2627 634 2727 postmodum,
655 2627 842 2717 indicavit;
862 2626 1048 2698 convictus
1061 2640 1181 2698 tamen
1201 2641 1278 2698 tum
1294 2626 1445 2720 ratione,

386 2760 464 2817 tum
483 2759 631 2817 'vetustte
647 2742 917 2816 consuetudinis
941 2743 1176 2836 auctoritate,
1201 2744 1278 2841 ipsa
1294 2741 1450 2843 capitula

386 2877 609 2933 sacramento
625 2860 777 2932 solemni
796 2856 986 2930 observare
999 2855 1167 2930 firmavit.

435 2979 598 3070 Longum
613 2974 719 3044 nimis
736 2986 827 3044 esset
842 2987 876 3043 et
889 2971 1089 3068 legentibus
1105 2973 1223 3046 forsan
1239 2975 1358 3060 minus
1373 3001 1449 3048 cre·

387 3089 498 3162 dibile
512 3077 709 3188 putaretur,
729 3088 757 3160 si
772 3085 1139 3184 magnificentissimos
1152 3090 1449 3164 vestimentorum

387 3227 429 3277 ac
447 3204 783 3303 pretiosissimorum
796 3216 957 3291 ornatus,
976 3203 1106 3300 quibus
1122 3207 1199 3276 tum
1215 3205 1325 3279 duces
1342 3222 1449 3304 atque

389 3319 589 3418 principes,
617 3318 821 3391 tumetium
843 3317 974 3416 quibus
991 3319 1194 3392 insidebant
1213 3322 1298 3420 equi
1316 3322 1362 3394 ad
1381 3337 1450 3394 ter·

390 3459 465 3506 ram
477 3461 590 3535 usque
604 3450 819 3534 tegerentur,
838 3434 968 3510 referre
980 3462 1046 3536 per
1055 3437 1193 3535 singula
1206 3462 1446 3537 pergeremus.
1519 3521 1523 3529 ,

431 3654 460 3711 l.
483 3653 523 3709 Le
539 3668 593 3708 ms.
617 3661 700 3730 porte
720 3657 827 3722 ratim„
840 3647 1027 3710 dest-adire
1043 3670 1100 3710 une
1113 3652 1196 3730 leqon
1209 3650 1402 3734 insignifiante
1415 3673 1453 3714 au

392 3753 499 3816 moyen
515 3737 552 3797 de
568 3738 693 3818 laquelle
710 3739 738 3800 le
753 3740 862 3820 copiste
878 3739 994 3800 aeludd
1008 3761 1066 3801 une
1082 3741 1221 3802 difficulte'
1237 3742 1277 3802 du
1290 3756 1370 3804 texte
1382 3743 1453 3822 qu'il

392 3829 469 3888 avait
482 3848 549 3887 sous
566 3829 607 3888 les
624 3849 710 3907 yeux.
733 3833 775 3889 La
793 3843 930 3889 coutume
948 3831 1015 3889 erait
1029 3849 1087 3912 que
1101 3831 1142 3890 les
1156 3831 1215 3892 rois
1229 3831 1266 3892 de
1282 3831 1394 3894 Franco
1403 3835 1452 3910 ju·

392 3933 520 3998 rassent,
539 3934 626 3980 avant
645 3921 772 3981 d’entrer
792 3925 808 3980 t
827 3925 1044 4006 iletre-Deme,
1064 3921 1092 3982 le
1108 3922 1246 3982 mnintien
1260 3921 1300 3981 du
1314 3923 1455 4004 privilege

328 4061 330 4066 .
382 4009 525 4071 *claustrul
539 4009 661 4069 necorde
675 4031 712 4069 au
726 4010 856 4088 chapitle
867 4009 903 4070 de
913 4011 993 4069 Paris
1003 4031 1057 4090 par
1068 4010 1186 4071 Charles
1195 4010 1222 4070 le
1233 4011 1353 4091 Simple.
1366 4016 1455 4072 Notre

392 4115 505 4172 auteur,
528 4101 578 4179 qui
600 4120 637 4159 ne
654 4099 826 4160 connaissait
842 4121 893 4180 pos
908 4099 936 4158 le
956 4101 1099 4159 caractere
1113 4113 1176 4160 tout
1189 4101 1356 4181 particulier
1371 4099 1456 4161 dece

393 4188 550 4270 privildge,
569 4188 607 4248 l’a
622 4189 785 4268 conlundu,
806 4209 843 4248 en
861 4189 1038 4249 l’entendant
1057 4209 1200 4264 nommer,
1220 4211 1292 4251 avec
1315 4211 1355 4250 un
1373 4203 1456 4251 autre

392 4277 490 4337 article
504 4278 554 4356 qui
568 4277 771 4358 sauvegardait
786 4277 828 4338 les
842 4277 932 4338 droits
947 4279 983 4338 de
1000 4292 1062 4340 tout
1075 4279 1103 4338 le
1115 4279 1213 4362 clerge
1226 4281 1266 4341 du
1283 4299 1432 4358 royaume.
