3384 5184
612 543 723 600 ltlBllR
743 541 944 602 SECUNDUS.
1251 545 1310 600 166

252 677 580 749 retransmeare
601 673 705 745 Unde
721 671 911 744 consilium
931 668 1127 764 dedenaut,
1145 675 1172 744 si
1189 674 1310 772 hujus-

253 790 351 864 modi
373 789 478 862 vellet
506 790 626 886 lugere
642 787 858 888 periculum,
878 801 1053 884 quatenus
1079 787 1125 860 ad
1148 793 1310 870 Pontem

252 907 393 995 Archae,
408 904 674 996 locumtutum,
694 927 769 976 sese
785 903 920 1000 absque
937 901 1054 998 aliqua
1071 904 1310 978 retardatione

251 1021 437 1118 reciperet.
455 1019 563 1107 Quod
580 1019 687 1090 etiam
703 1017 891 1090 eonsilium
902 1016 1077 1114 impedire
1094 1021 1214 1091 conati
1227 1020 1316 1092 suut'

251 1134 434 1225 nonnulli,
458 1135 521 1232 qui
542 1135 636 1206 circa
662 1159 746 1206 eum
770 1132 974 1221 adstabant,
994 1132 1126 1204 scilicet
1141 1133 1311 1208 dominus

251 1249 296 1322 de
314 1251 420 1322 Bueil
438 1266 475 1322 et
494 1237 664 1322 dominus
680 1248 725 1321 de
746 1250 955 1336 Cdaumout,
972 1250 1195 1322 securitatem
1210 1249 1247 1321 in
1265 1275 1310 1324 eo

252 1363 332 1436 loco
350 1363 431 1437 ficte
444 1379 479 1437 et
492 1363 735 1438 fraudulenter
749 1363 816 1434 sibi
834 1362 1060 1461 pollicentes3
1081 1364 1144 1460 qui
1159 1419 1168 1452 ,
1184 1367 1311 1463 procul

251 1480 385 1570 dubio,
404 1481 480 1577 jam
500 1480 624 1554 crediti
650 1494 734 1550 sunt
760 1479 854 1564 doti,
874 1504 982 1575 quem
1001 1504 1062 1550 rex
1082 1480 1312 1554 machinaba-

252 1610 323 1681 tur,
341 1598 474 1670 conscii
500 1597 604 1669 luisse
619 1611 725 1691 atque
739 1594 929 1692 participes
942 1599 963 1664 ¹.
981 1593 1051 1666 Sed
1070 1593 1130 1665 ille
1144 1596 1311 1694 princeps

252 1712 408 1809 optimus
425 1713 475 1785 eis
490 1711 632 1809 potius,
651 1710 713 1808 qui
728 1709 796 1780 sibi
821 1707 961 1780 fidelius
977 1708 1234 1799 consulebant,
1254 1735 1311 1784 ac·

252 1826 386 1922 quievit
404 1841 439 1900 et
468 1827 547 1925 ipso
566 1825 644 1913 die,
665 1839 748 1896 ante
772 1823 856 1896 solis
880 1848 1068 1913 occasum,
1096 1823 1193 1922 apud
1216 1829 1311 1896 Pon-

253 1942 466 2014 tem-Archa,
493 1942 530 2013 in
555 1955 633 2014 tuto
651 1966 688 2012 se
704 1940 856 2037 recepit,
874 1938 1049 2036 rediitque
1066 1941 1229 2036 sequenti
1254 1938 1313 2013 die

252 2059 528 2156 llothomagum.

300 2178 379 2246 Dux
408 2189 529 2245 autem
551 2173 738 2244 Britanniae
763 2173 968 2246 Cadomum
994 2172 1220 2260 transiverat,
1251 2173 1311 2245 ubi

252 2290 438 2387 copiarum
451 2313 597 2360 suarum
610 2313 778 2384 maguam
794 2303 932 2386 partem
949 2287 1117 2360 habebat.
1137 2287 1190 2359 td
1204 2313 1312 2386 quem

252 2430 334 2476 cum
352 2404 424 2475 dux
442 2409 732 2480 Normannorum
757 2402 891 2500 legatos
912 2403 1077 2494 misisset,
1098 2403 1312 2476 sciscitatum

252 2519 426 2617 quidnam
441 2521 516 2616 ipse
533 2519 654 2592 auimo
669 2519 832 2616 gestiret,
854 2533 889 2589 et
903 2517 950 2590 ad
964 2519 1178 2590 tentandum
1194 2519 1312 2592 adhuc

252 2636 282 2705 si
298 2635 344 2706 ad
361 2634 693 2706 reconciliationem
709 2633 844 2704 inflecti
855 2647 988 2732 posset,
1004 2632 1114 2705 iidem
1131 2634 1250 2730 legati,
1266 2635 1313 2707 ad

252 2776 290 2824 se
306 2751 450 2844 revetsi,
467 2751 588 2822 omnia
599 2750 644 2822 de
661 2775 705 2822 eo
716 2747 869 2820 inlausta
884 2761 919 2819 et
929 2748 1077 2820 adversa
1085 2749 1309 2821 nuntiarunt.

301 2870 390 2940 Cum
413 2882 533 2940 autem
558 2866 719 2938 rediisset
746 2863 1011 2960 Rothomagum
1038 2864 1110 2935 dux
1129 2868 1312 2936 Norman-

253 2985 339 3074 uiae,
366 2984 437 3056 boc
459 3009 521 3055 rex
550 2982 769 3079 intelligens,
797 2996 830 3052 et
852 2979 918 3056 sibi
939 2981 1085 3054 minime
1112 2979 1158 3053 ad
1186 2997 1312 3053 votum

253 3101 466 3200 processisse
491 3124 580 3196 quas
606 3098 704 3170 fratri
733 3121 799 3168 suo
830 3112 1014 3196 paraverat
1044 3097 1210 3185 insidias,
1236 3124 1313 3170 cer-

254 3241 342 3288 nens
359 3241 483 3288 versus
495 3215 635 3288 bassam
653 3213 925 3299 Normanniam‚
945 3214 1223 3311 argentonium*
1240 3215 1312 3312 pri-

294 3484 320 3540 1.
347 3475 518 3536 accusation
537 3473 606 3534 bien
628 3491 684 3554 peu
706 3472 854 3552 probable.
878 3477 931 3533 Ces
951 3473 1029 3534 deux
1048 3475 1197 3556 seigneurs
1217 3473 1313 3534 iurent

254 3567 304 3628 des
319 3568 363 3627 six
379 3587 536 3647 personnes
547 3566 716 3644 ausquelles
731 3566 819 3625 Louis
831 3569 874 3623 XI
887 3566 983 3625 refusa
1000 3566 1035 3626 de
1049 3568 1215 3646 pardonner
1228 3568 1313 3646 apres

253 3657 281 3714 le
297 3669 483 3716 mouvement
496 3656 572 3717 dela
584 3655 771 3715 Normandie.
788 3653 965 3713 L’irritation
985 3655 1023 3714 dn
1041 3655 1084 3715 roi
1101 3671 1200 3715 contre
1214 3657 1313 3716 Pierre

254 3743 419 3804 d'Amboise
438 3746 495 3804 alla
518 3745 633 3823 jusqu’a
654 3737 725 3804 faire
742 3763 823 3802 raser
840 3744 866 3803 le
880 3744 1002 3802 chateau
1018 3744 1053 3804 de
1073 3746 1314 3804 Clranmout-sur-

252 3833 349 3892 Loire.
365 3838 460 3908 Quant
473 3854 511 3894 au
530 3835 666 3913 seigneur
686 3833 722 3892 de
742 3833 845 3905 Beuil,
867 3832 887 3889 il
902 3831 997 3891 venait
1019 3832 1055 3891 de
1075 3832 1238 3891 debaucher
1255 3851 1313 3890 une

254 3923 345 4000 partie
363 3924 414 3982 des
432 3915 560 3983 licossais
580 3925 615 3984 ‹le
633 3924 662 3983 la
682 3923 771 4003 garde
791 3922 830 3980 du
851 3921 912 3992 roi,
935 3925 1023 3998 qu’ou
1045 3941 1082 3981 ne
1099 3935 1150 4001 put
1164 3921 1233 3980 laire
1247 3941 1312 3980 ren-

253 4023 312 4069 trer
325 4011 397 4070 daus
411 4012 437 4072 le
448 4013 549 4072 devoir
562 4021 648 4091 qu'en
662 4015 726 4072 leur
739 4012 844 4070 livrant
858 4011 982 4073 bataille.
1004 4012 1123 4091 Lenglet
1136 4011 1311 4086 Dulresnoy,

255 4106 421 4177 Commium,
437 4114 457 4164 t.
473 4108 516 4174 ΙΙ,
532 4123 561 4181 p.
577 4101 1047 4179 5703ct1r0niqueseandateuse,
1069 4099 1221 4160 decembre
1234 4103 1312 4158 1466

253 4205 281 4251 et
295 4191 352 4251 mai
368 4194 457 4253 tttt.

294 4287 321 4366 2.
346 4287 503 4364 Argentea.
