3282 5168
573 563 682 620 tnm
710 563 893 637 Quantus.
1002 639 1004 645 Ι
1205 565 1263 623 sas

208 721 292 769 cum
307 695 358 768 ibi
374 693 551 794 aliquibus
569 687 783 770 constitisset
798 695 936 786 diebus,
960 712 997 769 et
1012 695 1204 771 nonnullas
1221 723 1262 771 cx

208 810 366 884 turribus
382 824 418 883 et
442 810 720 910 propugnaculis
741 813 914 885 moenium
938 811 1067 886 ictibus
1093 812 1264 886 bombar-

208 927 336 1001 darum
350 943 387 1001 et
398 929 635 1028 petrariorum
649 927 844 1026 dejecisset,
863 930 978 1028 ipsam
994 944 1047 1002 est
1060 954 1264 1028 expugnare

208 1045 357 1119 adortus
380 1059 416 1118 et
437 1059 563 1118 contra
583 1068 663 1118 eam
685 1042 859 1117 insultum
885 1044 982 1118 dare.
1015 1050 1055 1118 lu
1080 1035 1263 1143 quo'iaum

209 1160 315 1256 ciues,
339 1161 402 1259 qui
425 1184 559 1261 pauca,
584 1185 652 1259 pro
676 1158 773 1232 urbis
800 1159 1056 1261 amplitudine,
1085 1143 1267 1268 habebunt

209 1274 329 1350 adhue
353 1278 515 1377 praesidia
533 1277 701 1370 militum,
723 1277 876 1349 multum
892 1291 1140 1376 premerentur
1156 1291 1192 1350 et
1202 1279 1266 1350 -vix
1394 1307 1395 1314 ¹

209 1392 256 1465 ad
277 1391 524 1466 obsistendum
547 1407 654 1491 atque
677 1390 943 1466 defendendum
959 1391 1175 1483 sufficerent,
1194 1417 1268 1466 am·

209 1507 319 1604 biguo
333 1510 418 1580 sutis
432 1520 470 1580 et
480 1509 617 1580 incerto
634 1521 747 1579 marte
764 1508 961 1603 certabant,
979 1509 1047 1580 nisi
1063 1524 1269 1610 opportune

210 1625 314 1698 valde
333 1625 383 1698 eis
404 1625 450 1698 ad
472 1625 643 1698 auxilium
668 1624 930 1722 supervenisset
954 1649 1049 1698 unus
1072 1627 1155 1699 satis
1182 1642 1269 1700 stre·

210 1763 304 1810 nuus
319 1736 393 1810 dux
404 1750 550 1810 centum
560 1738 765 1808 lancearum
778 1735 870 1832 regis
880 1739 902 1807 ¹.
920 1736 1004 1827 Qui,
1022 1761 1106 1809 oum
1117 1737 1268 1811 insultus

209 1847 324 1940 fieret,
354 1845 482 1922 urbem
509 1849 710 1948 ingressus,
746 1846 885 1919 civibus
917 1848 1074 1920 maximo
1100 1849 1267 1946 praesidio

210 1973 317 2058 atque
329 1958 457 2031 sotatio
473 1958 555 2030 fuit:
568 1959 620 2032 sic
635 1955 736 2056 quod
747 1959 823 2055 ejus
834 1957 966 2030 auxilio
981 1957 1264 2054 Burgundiones,

208 2073 272 2168 qui
286 2071 459 2143 insultum
472 2069 661 2161 faciebant,
679 2093 747 2171 pro
760 2083 845 2142 tunc
856 2071 1007 2169 repressi
1020 2083 1116 2142 sunt.

258 2184 530 2284 Burgundiones
555 2199 675 2257 autem
700 2209 775 2257 non
801 2209 868 2282 pro
889 2199 989 2256 tanto
1005 2187 1185 2282 quiescere
1206 2186 1268 2259 de·

209 2315 398 2376 creverunt
405 2330 415 2390 3
435 2300 498 2374 sed
520 2301 754 2374 validioribus
772 2300 960 2374 conatibus
982 2301 1109 2373 urbem
1133 2327 1269 2402 propo·

211 2419 344 2494 nebant
358 2443 575 2519 expugnare,
593 2442 716 2492 muros
731 2433 839 2516 atque
859 2435 975 2491 turres
987 2418 1085 2515 jactu
1104 2417 1267 2518 lapidum

210 2550 246 2610 et
261 2550 443 2635 petrarum
460 2535 659 2632 quatientes
674 2559 716 2606 ac
732 2534 947 2631 dejicientes.

259 2656 287 2724 E
305 2652 447 2725 diverso
464 2674 551 2723 vero
568 2651 715 2744 Franci,
736 2651 798 2746 qui
819 2674 863 2722 ex
886 2650 1036 2724 civitatis
1061 2651 1172 2749 ipsius
1193 2651 1269 2748 jac·

211 2785 303 2860 tura,
321 2769 351 2840 si
367 2767 495 2840 camin
508 2765 668 2838 hostium
680 2790 809 2839 manus
821 2766 916 2863 passi
927 2765 1075 2838 fuissent
1087 2765 1267 2857 devenire,

196 2883 344 2960 ‘damna
375 2885 530 2956 maxima
559 2896 666 2980 atque
695 2880 927 2954 incommoda
959 2881 1027 2954 sibi
1052 2896 1270 2980 proventura

210 3027 287 3076 esse
307 3026 381 3075 non
407 2999 639 3098 ignorabant,
658 2999 704 3072 ad
725 2998 800 3095 ejus
820 2997 1066 3070 defensionem
1086 2998 1170 3071 totis
1187 3001 1270 3071 viri-

210 3119 279 3191 bus
295 3118 563 3192 incumbebant.
589 3117 707 3208 Unde,
724 3115 902 3189 accersitis
924 3129 959 3187 et
979 3114 1112 3187 coactis
1132 3116 1271 3213 maguis

210 3236 373 3334 equitum
394 3249 500 3333 atque
519 3232 682 3334 peditum
708 3233 835 3332 copiis,
854 3246 927 3305 tam
944 3256 986 3304 ex
1005 3231 1144 3303 Parisiis
1159 3256 1270 3329 quam

211 3351 432 3426 Normannia
460 3366 496 3424 et
522 3349 600 3424 aliis
627 3351 729 3423 terris
757 3349 881 3446 regiis,
913 3349 959 3422 de
986 3371 1131 3420 annona
1163 3349 1270 3421 etiam

211 3486 320 3569 atque
351 3483 554 3542 commeatu
579 3468 764 3567 copiosam
784 3467 958 3540 habentes
975 3464 1238 3566 providentiam
1258 3523 1268 3560 ,

212 3587 340 3660 urbem
365 3587 480 3685 ipsam
505 3584 611 3658 simul
637 3599 672 3655 et
695 3581 866 3655 militibus
883 3596 918 3654 et
939 3604 1085 3654 annona
1102 3582 1272 3681 impleve-

211 3718 322 3776 runt:
341 3703 390 3775 ita
414 3715 454 3773 ut
478 3725 583 3798 supra
601 3697 727 3771 decem
745 3697 867 3786 millia,
888 3711 961 3769 tam
982 3697 1143 3795 equitum
1160 3723 1269 3796 quam

211 3821 390 3921 peditum,
415 3820 453 3891 in
471 3817 600 3890 diebus
623 3815 764 3915 paucis,
787 3813 872 3888 illuc
903 3812 949 3886 ad
965 3813 1076 3913 ipsius
1091 3813 1191 3887 urbis
1206 3812 1269 3886 de·

212 3939 412 4012 sensionem
428 3935 673 4034 supervenisse
686 3931 902 4006 dicerentur.

254 4132 283 4188 t.
319 4151 332 4179 ι
360 4122 467 4185 Arriva
493 4120 659 4182 Guillnume
682 4120 718 4180 de
742 4117 857 4196 Vallee,
880 4119 1039 4180 lientenant
1064 4119 1105 4180 du
1127 4119 1275 4180 senescbal

213 4218 250 4280 de
269 4214 464 4295 Normandie,
486 4217 503 4274 t
523 4225 586 4274 tout
610 4211 687 4270 deux
708 4227 777 4270 cens
795 4208 900 4270 lances.
926 4236 939 4262 ι
965 4209 1131 4289 chronique
1151 4208 1277 4269 manda-
