3272 5182
538 553 650 610 LIBER
669 554 871 614 SECUNDUS.
1183 555 1237 613 161

179 683 359 772 stantiam,
375 681 485 756 fidem
499 697 606 780 atque
619 677 858 758 sinceritatem
874 699 1087 783 compertas,
1104 702 1241 786 specta·

180 814 234 871 tas
250 812 285 870 et
302 796 503 896 exploratas
516 797 691 890 habebat,
710 825 785 871 uon
804 798 871 871 fuit
891 799 938 872 ad
958 801 1245 876 circumvenien-

179 913 267 986 dum
286 928 322 986 et
338 914 556 986 flectendum
575 913 686 988 facilis
703 915 799 988 illitis
818 914 923 988 melle
941 917 1181 989 sermonibus.
1202 923 1246 990 Et

180 1030 341 1130 profecto
362 1028 568 1101 credibilius
587 1044 659 1122 est,
680 1031 708 1100 si
727 1043 796 1100 tam
816 1043 993 1102 constans
1005 1043 1112 1128 atque
1131 1029 1244 1103 lidum

181 1170 286 1218 suum
318 1169 460 1244 semper
486 1149 706 1218 Francorum
736 1169 797 1216 rer
821 1144 1037 1217 exhibuisset
1062 1148 1245 1244 ingenium

182 1263 275 1334 facto
297 1276 333 1333 et
356 1286 483 1361 opere,
505 1286 616 1359 quam
638 1286 736 1354 acre,
762 1261 866 1334 velox
889 1277 997 1360 atque
1021 1260 1190 1335 callidum
1212 1277 1248 1336 et

183 1388 364 1448 versutum
393 1377 429 1448 in
456 1376 576 1448 multis
597 1376 674 1473 jam
698 1375 920 1465 ostenderat,
939 1377 1056 1475 ipsum
1074 1401 1157 1448 cum
1176 1381 1248 1448 Au-

182 1490 324 1588 glorum
348 1515 430 1588 rege
458 1505 494 1564 et
520 1516 652 1590 regno,
680 1491 781 1590 quod
805 1493 1012 1590 perquirere
1039 1491 1246 1589 videbatur,

184 1607 298 1680 ioedus
315 1608 546 1680 inventurum
564 1607 687 1680 luisse.

233 1727 359 1821 Magna
383 1723 530 1795 enimet
548 1724 619 1796 lata
637 1738 814 1796 terrarum
831 1722 1005 1807 dominia,
1024 1738 1097 1796 tam
1116 1725 1161 1797 de
1175 1725 1248 1798 suis

184 1833 293 1936 quam
311 1838 357 1911 de
374 1837 539 1911 hostibus
550 1839 606 1934 (ut
624 1839 717 1912 sama
737 1838 942 1935 ferebatur),
964 1838 1100 1912 eisdem
1122 1839 1249 1912 olfere-

183 1955 278 2047 bat¹;
293 1980 333 2028 ex
345 1955 476 2053 quibus
487 1955 648 2051 ingentes
660 1954 934 2030 commoditates
946 1957 1140 2057 Anglorum
1152 1957 1249 2055 genti
1263 2007 1266 2014 -

184 2086 219 2144 et
238 2096 348 2167 regno
365 2070 466 2144 facile
483 2072 675 2169 provenire
691 2073 905 2171 potuissent.

233 2188 303 2260 Sed
321 2188 512 2285 quoniam,
532 2203 620 2261 teste
637 2190 829 2279 Cicerone,
848 2189 1122 2262 fundamentum
1142 2190 1249 2264 stabi·

184 2304 291 2378 litatis
308 2304 604 2403 constantiaeque,
626 2331 737 2404 quam
754 2307 792 2376 in
812 2306 976 2378 amicitiis
992 2309 1183 2404 quaerimus
1196 2322 1249 2382 at·

185 2445 256 2518 que
273 2433 453 2519 optamus,
473 2433 527 2490 est
543 2418 653 2511 fides,
675 2419 795 2492 fidum
807 2435 927 2496 autem
947 2445 1023 2493 esse
1039 2447 1114 2495 non
1135 2437 1252 2522 potest

186 2535 371 2634 multiplex
399 2536 583 2632 ingenium
612 2551 647 2608 et
682 2550 904 2626 tortuosum,
935 2563 1010 2614 uon
1038 2541 1250 2613 existimavit

186 2651 373 2726 Edoardus
384 2666 504 2724 tutum
515 2651 582 2724 sibi
595 2677 661 2725 nec
675 2652 894 2726 conveniens
909 2652 986 2727 fore
1002 2679 1087 2728 cum
1101 2655 1249 2729 homine

186 2771 223 2842 in
245 2793 319 2867 quo
341 2782 477 2841 tantam
497 2769 793 2863 inconstantiam,
814 2768 1111 2868 multiplicitatem
1131 2786 1167 2843 et
1186 2794 1248 2844 va·
1363 2792 1367 2803 ·

187 2889 349 2960 rietatem
365 2885 625 2985 comperiisset,
645 2884 760 2958 ioedus
776 2884 832 2957 vel
850 2877 1023 2958 amicitias
1038 2887 1219 2985 coprdare.

230 3153 256 3210 1.
279 3149 325 3206 0u
341 3145 426 3206 disait
441 3150 458 3205 a
473 3144 502 3205 la
512 3165 583 3206 cour
597 3145 634 3206 de
648 3150 821 3227 Bourgogne
837 3165 895 3224 que
908 3145 997 3206 Iouis
1008 3149 1052 3206 xl
1070 3145 1148 3206 avait
1163 3145 1250 3204 offert

187 3258 225 3299 au
239 3237 282 3298 roi
293 3236 494 3316 d'Angleterre
508 3235 598 3295 delui
612 3235 725 3296 donner
738 3235 766 3294 le
779 3255 851 3316 pays
865 3235 902 3296 de
915 3239 1011 3311 Caux,
1025 3239 1127 3296 Rauen
1137 3255 1158 3312 y
1170 3253 1250 3295 com-

188 3327 263 3408 pris,
278 3347 315 3387 eu
328 3325 447 3385 l’aidaut
459 3329 475 3384 a
488 3325 644 3404 conquerir
658 3345 708 3385 sur
723 3326 766 3385 les
778 3326 1001 3406 Bourguignous
1014 3323 1168 3384 abbeville
1181 3337 1210 3383 et
1223 3323 1251 3382 le

188 3419 281 3478 comte
299 3417 335 3477 de
352 3417 506 3480 Ponthieu.
527 3421 580 3476 Les
594 3417 752 3496 premieres
770 3417 884 3497 paroles
898 3417 935 3475 de
954 3436 988 3475 ce
1007 3413 1103 3494 projet
1120 3413 1253 3475 auraient

188 3512 233 3571 eti
245 3510 336 3585 jetees
353 3509 404 3567 des
419 3511 514 3578 1166,
530 3525 643 3567 comme
654 3527 694 3567 ou
707 3508 734 3568 le
747 3507 810 3566 voit
821 3524 875 3587 par
885 3525 944 3564 une
959 3505 1042 3565 lettre
1054 3505 1093 3563 du
1106 3518 1200 3564 comte
1214 3503 1251 3565 de

188 3599 337 3661 Charolais
350 3597 401 3677 qui
414 3601 474 3656 s’en
487 3597 579 3677 plaint
592 3617 629 3656 au
643 3597 688 3658 roi
702 3601 719 3656 a
732 3598 760 3656 la
773 3597 840 3657 date
855 3597 895 3656 du
914 3597 953 3654 16
967 3597 1046 3656 aodt.
1064 3598 1155 3672 (Cette
1168 3597 1251 3656 lettre

189 3709 206 3749 a
220 3691 265 3748 ete
278 3688 391 3746 donnee
404 3706 458 3765 par
472 3687 578 3745 Duclos
592 3734 599 3760 ,
615 3693 691 3748 Hist.
707 3690 744 3743 de
758 3693 843 3745 Leuis
862 3691 924 3759 XI,
940 3687 1036 3763 pieces
1055 3684 1252 3759 justificatives

190 3779 229 3838 du
242 3778 294 3836 liv.
313 3780 377 3852 IV.)
387 3775 556 3858 Capeudant
573 3777 615 3835 les
626 3775 813 3835 instructions
827 3793 955 3835 counues
967 3774 1018 3833 des
1031 3773 1252 3834 ambassadeurs

190 3867 227 3926 de
239 3864 327 3924 Louis
339 3867 382 3924 Xl
397 3863 534 3923 n'etaient
553 3864 635 3944 point
652 3863 743 3923 telles.
759 3863 784 3923 ll
799 3883 836 3922 ue
854 3862 993 3943 s‘agissait
1008 3882 1067 3940 que
1087 3862 1201 3921 d’ofsrir
1214 3881 1254 3920 au

190 3956 234 4015 roi
249 3954 448 4036 d’Augleterre
461 3973 520 4013 une
530 3955 651 4034 pension
663 3953 799 4013 anuuelle
811 3966 839 4012 et
855 3952 928 4012 dele
940 3952 1053 4012 leurrer
1069 3972 1119 4011 sur
1129 3969 1175 4019 ses
1187 3950 1253 4030 pre-

191 4045 313 4106 teutions
324 4044 378 4104 'ala
389 4045 564 4104 Normaudie
578 4057 607 4103 et
620 4047 637 4102 a
650 4043 837 4123 l'Aquitaine‚
850 4063 886 4103 eu
898 4041 939 4103 lui
948 4041 1057 4102 osirant
1069 4041 1106 4101 de
1117 4051 1253 4100 remeare
1377 4077 1381 4085 ·

190 4147 263 4194 cette
277 4133 410 4212 question
426 4132 481 4192 ila
493 4131 620 4193 decision
633 4133 673 4192 du
688 4151 774 4211 pape.
789 4130 932 4212 Liugard,
949 4143 970 4192 t.
990 4133 1031 4203 11,
1047 4149 1072 4188 e.
1088 4149 1131 4190 rx.
