3014 5010
521 456 632 514 LIBER
657 457 837 529 Quantus.
1154 463 1212 523 sot

148 580 216 664 diu
232 612 275 691 ea
295 612 354 665 res
373 601 624 678 attentaretur,
644 589 837 665 multitudo
862 591 1113 689 hujuscemodi
1139 594 1210 667 fac·

151 706 404 807 tionisignsra,
415 721 551 780 terrore
561 721 755 801 commota,
766 709 861 781 illico
872 712 1036 810 prorupit
1045 712 1082 782 in
1094 735 1208 806 arma,

152 845 187 902 et
201 826 417 905 adtuendes
433 843 555 928 portas
571 843 606 900 et
623 831 755 903 moenia
773 856 857 904 cum
874 833 1009 929 ingenti
1023 856 1211 906 accurrens

151 945 317 1035 fremitu,
333 944 469 1046 expulit
491 958 526 1017 et
543 944 744 1019 inefficaces
760 946 859 1020 abire
875 950 1010 1046 coegit3
1029 963 1064 1020 et
1079 948 1127 1022 ita
1144 973 1211 1049 pro

151 1085 194 1136 ea
209 1062 287 1135 rice
300 1075 479 1135 servatum
498 1060 562 1133 fuit
578 1060 755 1167 oppidum
771 1064 845 1160 regi
865 1068 1081 1137 Francorum
1090 1068 1112 1137 ¹.

199 1179 279 1264 Quo
303 1177 422 1265 facto,
449 1200 535 1249 cum
561 1176 607 1250 de
636 1179 853 1276 conjuratis,
879 1203 922 1252 ex
950 1179 1213 1277 suspicionibus

85 1300 89 1307 '
150 1290 346 1382 nonnullis,
361 1290 546 1387 inquisitio
559 1289 686 1365 baberi
700 1292 930 1391 coepisset‚ad
945 1292 1122 1391 quosdam
1134 1317 1215 1391 pro·

147 1398 328 1479 habilibus
343 1402 576 1499 conjecturis*
589 1401 785 1476 deventum
800 1418 864 1492 est,
880 1405 956 1501 qui,
968 1428 1052 1476 cum
1064 1405 1101 1475 in
1115 1404 1217 1501 jure⁸
1327 1424 1331 1431 '

87 1506 91 1513 ¹
148 1518 302 1591 confessi
322 1517 470 1590 fuissent
486 1516 543 1590 vel
559 1533 744 1609 auctores,
764 1518 822 1590 vel
837 1520 1032 1618 complices
1048 1520 1215 1617 conjura-

149 1635 258 1709 tionis
274 1635 460 1725 exstitisse,
479 1633 525 1706 de
541 1633 597 1706 bis
613 1648 784 1732 tanquam
802 1635 849 1708 de
865 1636 934 1708 reis
950 1636 1038 1709 lasae
1053 1637 1221 1735 majesta·-

150 1751 195 1822 tis
220 1751 437 1849 supplicium
457 1754 664 1849 sumptum‘
685 1750 763 1823 fuit.
783 1755 880 1824 Inter
905 1776 998 1850 quos
1023 1766 1099 1825 erat
1122 1777 1215 1825 unus

149 1871 349 1970 precipuus
360 1871 486 1972 oppidi
502 1873 630 1946 consul
646 1897 713 1971 pro
730 1871 791 1945 illo
808 1897 919 1946 anno.
936 1877 1004 1946 Per
1017 1871 1137 1970 fugam
1152 1898 1215 1947 au·

149 2001 224 2060 tem
245 1988 411 2086 praefatus
427 1989 597 2063 dominus
613 1988 838 2085 Bernardus,
866 1990 987 2082 miles,
1014 2014 1098 2062 cum
1119 2015 1216 2063 non-

149 2103 257 2177 nullis
270 2103 529 2204 complicibus,
550 2122 714 2196 mature,
740 2106 841 2203 quod
856 2131 951 2206 opus
965 2105 997 2179 ei
1021 2105 1107 2197 fuit,
1127 2132 1214 2179 con·

149 2218 269 2292 suluit.
295 2221 365 2294 Sed
384 2222 533 2295 minime
556 2221 822 2318 quiescentibus
844 2222 1066 2319 reliquorum
1088 2223 1215 2295 animis

150 2334 229 2435 (qui
243 2338 334 2411 forte
350 2337 418 2411 sibi
434 2338 570 2412 conscii
590 2353 693 2412 erant
707 2338 959 2436 hujuscemodi
974 2339 1214 2436 conjurationi

149 2474 332 2525 assensum
365 2454 589 2553 praestitisse,
617 2469 677 2542 et,
703 2468 851 2555 propter
873 2453 945 2528 hoc
970 2471 1068 2528 metu
1094 2455 1211 2546 anxii,

149 2592 224 2641 nou
238 2567 334 2640 aliud
349 2569 563 2643 affectabant
579 2595 646 2643 nec
660 2571 818 2668 cogitare
831 2585 1022 2669 poterant,
1042 2571 1111 2644 nisi
1126 2595 1214 2668 qua·

148 2684 244 2777 liter,
263 2685 402 2759 sublato
421 2687 482 2759 tali
503 2701 601 2759 metu
619 2687 752 2785 poenali
777 2701 886 2784 atque
907 2687 1011 2760 valde
1027 2687 1213 2760 anxietatis

148 2814 184 2872 et
200 2799 401 2872 formidinis
417 2800 543 2899 pleno,
565 2802 744 2873 securitati
763 2817 798 2873 et
815 2802 927 2899 quieti
944 2801 1210 2898 redderentur),

147 2914 386 3015 plurimorum
403 2916 531 3005 etiam,
549 2916 629 3013 qui,
649 2918 714 2987 etsi
723 2915 826 2987 dictae
848 2918 975 3015 prioris
993 2918 1211 3013 conjuratio·

148 3031 205 3102 nis
220 3032 354 3103 conscii
379 3031 528 3103 minime
547 3031 708 3123 fuerant,
735 3046 856 3104 tamen
880 3031 926 3103 de
943 3033 1153 3130 punitorum
1176 3047 1212 3104 et

147 3147 431 3247 proscriptorum
452 3147 568 3245 poenis
593 3147 778 3240 dolentes,
798 3149 861 3245 qui
882 3148 932 3220 eis
949 3148 1005 3220 vel
1031 3149 1211 3246 sanguinis

148 3263 409 3336 necessitudine
432 3265 617 3360 conjuncti
641 3289 717 3336 esse
745 3278 930 3363 poterant,
965 3280 1001 3336 et
1019 3265 1066 3339 ad
1092 3291 1209 3364 regem

147 3402 254 3450 suum
275 3382 479 3476 drogonum
507 3379 662 3453 naturali
688 3405 836 3471 amore,
869 3380 916 3453 ad
943 3385 1099 3454 Francos
1123 3407 1210 3456 vero

189 3671 218 3725 t.
241 3668 322 3728 Cette
336 3665 475 3725 tentative
488 3678 532 3726 est
549 3665 735 3726 mentionnce
756 3665 828 3726 daos
846 3686 888 3728 un
906 3667 1028 3748 registre
1044 3668 1081 3729 de
1101 3669 1212 3749 l’eglise

148 3755 369 3833 Scins-tacques
388 3754 424 3814 de
441 3755 626 3835 Perpignnn,
641 3758 658 3813 b
674 3753 703 3813 la
714 3754 780 3814 date
792 3756 831 3814 du
846 3760 885 3815 25
896 3757 1012 3832 janvier
1028 3761 1118 3817 tata.
1135 3761 1211 3837 Itap

147 3858 216 3927 port
230 3845 267 3905 de
282 3849 323 3903 Μ.
347 3848 447 3921 fleury
464 3863 516 3903 sur
536 3842 578 3903 les
600 3843 733 3903 rectores
754 3844 792 3902 de
810 3845 990 3926 Perpignsn,
1004 3845 1076 3905 dans
1097 3845 1140 3905 les
1154 3851 1213 3905 Do-

147 3949 278 3998 cuments
291 3934 408 4009 inedie,
423 3938 585 4013 Meleager,
601 3947 623 3994 t.
639 3937 665 4007 1,
682 3953 712 4012 p.
726 3933 796 3992 403.

188 4029 219 4090 2.
241 4031 320 4086 Dans
334 4025 361 4085 le
375 4045 444 4099 ms,
459 4027 501 4082 ad
511 4025 650 4104 quasdam
660 4021 822 4100 probabiles
836 4031 1020 4098 conjectum.

188 4126 217 4183 3.
242 4125 301 4200 Qui
313 4127 343 4180 tn
358 4122 493 4196 samsari
508 4118 580 4180 dans
592 4118 620 4179 le
635 4136 691 4178 ms.
756 4182 760 4190 ¹

188 4221 218 4280 t.
240 4221 416 4295 suppletum
427 4228 590 4291 superatam
602 4213 674 4273 dans
685 4211 714 4272 lc
728 4230 783 4274 ms.
