3384 5184
612 554 722 617 usus
752 558 951 620 SECUNDUS.
1253 569 1309 624 159

255 681 437 812 suuplioiis
458 641 594 779 effeeti3
623 687 747 774 itaut,
769 691 867 786 quod
895 692 980 764 olim
1005 691 1135 764 nobilis
1158 697 1310 791 tragicus

255 811 383 868 cecimt
403 825 411 867 t

342 953 417 1030 Nou
432 967 531 1034 intrat
547 993 689 1060 unquam
706 973 829 1064 regium
847 975 940 1040 limen
956 975 1053 1060 fides,

251 1133 386 1206 etitem
401 1161 409 1204 ε

654 1235 676 1298 J
678 1257 734 1300 ura
749 1235 912 1326 pudetque

387 1340 428 1404 Et
443 1343 582 1434 conjugii
597 1359 717 1410 sacinta
734 1342 813 1409 fides
900 1410 904 1426 ,

386 1447 524 1538 Fugiunt
540 1450 639 1538 eules.

251 1631 282 1688 et
312 1618 416 1716 plura
440 1617 707 1714 hujuscemodi,
735 1617 842 1715 hujus
868 1619 1038 1717 principis
1064 1623 1305 1720 temporibus»,

251 1757 360 1830 quam
378 1759 462 1807 vern
477 1736 563 1824 sint,
582 1737 720 1808 cunctis
735 1735 997 1807 evidentissime
1012 1738 1175 1832 patuerit.

302 1849 432 1922 Videtis
453 1851 528 1948 ipse
550 1852 669 1948 itaque
692 1849 791 1946 quod
814 1849 973 1921 deduce
996 1850 1201 1942 Britanniae,
1225 1879 1306 1928 cum

250 1989 324 2061 quo
345 1967 442 2065 apud
466 1968 666 2040 Cadomum
689 1966 808 2065 plures
831 1966 906 2037 dies
930 1965 1049 2038 festive
1071 1980 1305 2067 transegerat,

250 2097 396 2154 sentitus
419 2099 493 2155 erat
517 2083 616 2182 quod
640 2083 737 2154 fratri
760 2105 826 2154 suo
850 2081 1063 2153 auxiliorum
1084 2083 1211 2156 solatia
1241 2088 1307 2158 mi-

251 2198 346 2270 nime
368 2211 459 2271 esset
480 2199 709 2298 prebiturus,
736 2198 896 2270 similiter
918 2199 1027 2270 etiarn
1047 2219 1165 2297 neque
1186 2225 1306 2277 comes

250 2313 296 2384 de
315 2315 509 2404 Chat-oleti,
528 2318 590 2414 qui
608 2318 644 2386 in
665 2314 893 2412 expeditione
910 2314 1080 2386 adversus
1098 2315 1306 2392 leodienses

250 2429 332 2502 sutis
352 2445 546 2529 occupatus
565 2445 641 2502 etet
660 2433 829 2528 (quorum
851 2429 1018 2500 adversus
1040 2454 1120 2501 eum
1138 2433 1305 2508 odiorum

249 2559 408 2618 veterum
423 2546 531 2636 laces,
542 2546 616 2642 jam
629 2546 738 2640 longo
756 2545 852 2642 pacis
868 2545 942 2614 otio
961 2547 1122 2642 sopitas¹,
1133 2550 1306 2622 excitave-

249 2661 339 2758 rat),
359 2677 398 2734 ut
418 2661 680 2756 Rothomagum
707 2658 836 2730 urbem
863 2659 1142 2752 constringeret,
1171 2663 1205 2732 in
1234 2687 1306 2760 qua

248 2802 331 2850 suus
345 2800 534 2875 germanus
549 2791 637 2862 emt,
657 2775 831 2876 oppidum
851 2773 1121 2866 Pontis-Archae,
1136 2775 1198 2847 ubi
1210 2778 1304 2850 idem

248 2913 436 2988 germanus
445 2894 562 2992 ulique
570 2892 726 2963 utilitum
735 2887 900 2990 'praesiclia
911 2888 1101 2981 locaverat,
1117 2889 1304 2966 obsidione

235 3009 388 3100 'cinxit’‚
403 3012 486 3082 satis
503 3033 631 3108 aspero
650 3023 812 3106 tempore
828 3021 863 3077 et
880 3005 1101 3104 importuno,
1117 3029 1239 3080 mense
1255 3009 1305 3080 vi·

247 3126 374 3198 delicet
386 3128 579 3223 junuario⁸.

297 3245 387 3314 cum
408 3265 493 3314 vero
512 3239 664 3312 obsessis
686 3239 783 3311 nulla
802 3263 882 3337 spes
902 3252 1062 3310 maneret
1078 3261 1265 3312 succussus
1282 3265 1303 3313 a

247 3382 430 3456 quoquam
450 3359 575 3430 solatia
592 3354 849 3454 consequendi,
870 3355 1027 3452 optimus
1044 3353 1101 3426 ille
1118 3356 1300 3454 princeps,

286 3563 314 3620 l.
335 3563 473 3618 L’auteur
491 3555 589 3616 oublie
610 3553 681 3634 qu’il
701 3575 719 3614 a
742 3555 783 3614 dit
802 3555 830 3614 le
850 3555 994 3614 contraite
1011 3555 1082 3614 dans
1104 3553 1250 3616 l'Histoire
1265 3556 1302 3616 de

249 3647 366 3708 Charles
380 3653 448 3716 vll.
463 3651 484 3709 l.
497 3651 532 3722 V,
547 3665 573 3705 c.
591 3667 639 3704 xv.

281 3737 313 3793 2.
337 3737 424 3816 Iln’y
438 3749 488 3796 eut
501 3735 641 3815 d'assiege
658 3751 715 3812 que
736 3733 763 3791 le
783 3731 904 3789 chlteau
923 3729 959 3788 de
978 3727 1253 3806 Post-del'ilnche3
1273 3732 1301 3795 la

245 3825 314 3883 ville
333 3826 375 3884 fut
396 3825 447 3884 des
470 3825 534 3884 let)
559 3824 674 3898 janvier
691 3841 729 3882 eu
751 3819 875 3900 pouvoir
895 3817 936 3876 du
954 3818 998 3876 roi
1019 3837 1072 3896 pur
1091 3835 1148 3877 une
1165 3819 1301 3878 nouvelle

244 3911 372 3973 trahison
386 3918 422 3973 de
434 3915 521 3974 louis
534 3913 653 3976 Soibier
661 3957 670 3986 ,
688 3911 715 3970 le
729 3913 823 3968 itieme
841 3907 891 3984 qui
909 3907 986 3966 evait
1001 3919 1062 3966 tant
1078 3907 1227 3968 contribuit
1242 3915 1258 3965 l
1272 3909 1300 3966 la

243 4001 320 4079 prise
334 4000 371 4060 de
388 4005 490 4060 Rouen
505 4015 533 4062 et
552 4005 567 4060 l
588 4000 750 4060 l'elevation
767 3997 880 4055 duduc
896 3996 1120 4056 deNormandie
1142 4016 1177 4055 en
1194 3997 1300 4057 livraut

243 4091 386 4162 Pontoise.
401 4091 503 4148 Ariete
516 4109 569 4169 per
580 4089 622 4148 les
633 4107 704 4168 gens
715 4088 838 4145 d’armes
852 4086 892 4146 du
903 4086 958 4160 roi,
975 4085 994 4142 il
1008 4086 1108 4144 aeheta
1122 4104 1153 4144 sa
1163 4089 1249 4165 grune
1260 4105 1299 4145 en

245 4192 400 4258 tirocurent
412 4179 477 4240 leui·
490 4180 587 4240 entroe
599 4177 671 4238 dens
687 4177 716 4236 le
728 4175 808 4237 ville.
822 4175 931 4238 Chion.
947 4175 1060 4247 stand„
1071 4177 1112 4234 ad
1124 4195 1192 4234 anu.
1206 4177 1296 4236 1465.

284 4275 312 4332 3.
337 4273 423 4374 titt.
