3272 5182
649 529 760 622 um
778 527 945 586 TERTIUS.
1271 531 1330 588 tot

314 663 428 734 Porro
450 685 534 733 cum
558 659 626 733 hoc
650 659 696 732 ad
718 659 877 732 Edoardi
899 659 1117 759 pervenisset
1141 659 1326 748 notitiam,

266 802 371 851 suum
397 802 547 849 movens
573 779 680 849 etiam
706 777 915 860 exercitum,
935 778 1077 848 concito
1101 799 1220 872 gressu
1252 799 1330 846 ver·

265 921 325 967 sus
342 920 427 968 suos
443 895 608 966 inimicos
625 893 831 981 contendit,
855 892 957 964 etad
978 893 1120 982 locum,
1140 915 1216 963 non
1237 891 1329 963 ultra

265 1010 408 1083 duobus
431 1009 587 1081 millibus
609 1009 655 1081 ab
677 1009 726 1080 eis
744 1023 946 1096 remotum,
963 1032 1027 1080 sua
1047 1022 1160 1082 castra
1181 1007 1325 1079 locavit.

264 1132 346 1216 Quo
371 1128 527 1199 exterriti
549 1126 676 1199 nuntio
697 1127 819 1224 regina
837 1127 986 1224 ejusque
1003 1124 1095 1198 filius
1116 1126 1325 1214 Edoardus,

264 1259 378 1318 castra
393 1257 576 1315 moventes
589 1267 655 1314 nec
669 1267 899 1338 congressum
912 1241 1005 1338 regis
1018 1242 1094 1313 ausi
1106 1256 1325 1340 exspectare,

263 1376 375 1432 noctu
402 1359 486 1431 inde
514 1359 661 1456 digressi
683 1373 785 1449 sunt,
813 1373 849 1430 et
877 1373 950 1431 tota
976 1359 1176 1456 equitantes
1199 1374 1325 1446 nocte,

263 1478 584 1572 continuantesque
603 1476 670 1546 iter
690 1499 754 1572 per
773 1464 870 1547 diem
890 1488 1116 1572 sequentem,
1140 1474 1187 1546 ad
1205 1474 1326 1548 villam

268 1591 467 1690 Tewsbury¹
490 1604 742 1691 pervenerunt,
758 1590 870 1662 aloco
884 1591 1004 1689 priore
1019 1615 1080 1661 sex
1097 1591 1238 1687 triginta
1251 1591 1327 1664 mil·

262 1707 408 1780 liaribus
425 1709 549 1807 palriae
566 1706 770 1778 distantem.

311 1828 404 1896 Sane
425 1848 509 1897 cum
528 1824 565 1896 id
578 1825 624 1895 ad
642 1823 798 1895 Edoardi
815 1823 905 1919 regis
922 1846 1025 1894 aures
1042 1819 1222 1921 perlatum
1238 1823 1324 1896 suis·

184 1965 187 1972 ·
261 1955 336 2028 set,
354 1937 460 2012 talem
476 1963 539 2012 eos
555 1938 767 2035 insequendi
782 1952 818 2010 et
828 1938 923 2010 velut
936 1938 1091 2010 venandi
1109 1936 1326 2033 diligentiam

262 2055 362 2146 secit,
382 2055 481 2153 quod
498 2055 557 2128 die
575 2080 631 2127 ιιι.
648 2055 808 2152 ejusdem
826 2056 957 2127 mensis
978 2055 1080 2144 maii,
1099 2078 1213 2153 prope
1231 2080 1325 2128 earn·

261 2170 345 2244 dem
368 2170 488 2243 villam
510 2170 772 2267 deTewsbury
795 2172 841 2244 ad
858 2173 924 2243 tria
942 2170 1129 2258 milliaria,
1153 2194 1235 2242 curn
1258 2195 1323 2243 suo

260 2287 414 2358 exercitu
438 2286 628 2387 applicuit,
649 2300 817 2383 vergente
831 2288 906 2384 jam
927 2285 974 2358 ad
996 2301 1141 2358 noctem
1157 2286 1239 2374 die,
1260 2287 1324 2360 ibi·

260 2427 331 2500 que
346 2403 583 2501 pernoctavit.
605 2403 767 2474 Crastino
790 2415 910 2473 autem
930 2401 1143 2474 adveniente
1163 2401 1242 2492 die,
1262 2403 1325 2498 qui

229 2579 232 2585 Δ
260 2535 335 2592 erat
350 2543 400 2590 ιν.
419 2519 503 2592 dicti
521 2521 671 2608 mensis,
690 2519 762 2590 suis
778 2517 927 2617 pulchre
943 2519 1118 2592 ordinatis
1133 2519 1277 2592 aciebus
1288 2534 1324 2591 et

260 2638 397 2709 cunctis
416 2637 461 2709 ad
482 2635 715 2735 praeliandum
734 2635 956 2735 praeparatis,
977 2660 1090 2731 usque
1111 2660 1225 2735 prope
1248 2635 1324 2707 dic-

237 2759 332 2824 ‘tam
354 2751 473 2824 villam
500 2751 657 2824 accessit.
684 2755 788 2822 Juxta
803 2765 838 2821 et
859 2775 975 2850 prope
996 2774 1103 2847 quam
1121 2775 1206 2845 suos
1222 2751 1324 2822 inve-

259 2869 361 2942 niens
376 2868 514 2960 hostes,
531 2871 568 2939 in
585 2891 714 2966 campo
731 2867 825 2940 vallo
843 2867 1067 2939 communito
1084 2865 1244 2963 praelium
1262 2890 1324 2937 ex-

257 2999 475 3085 spectantes,
501 2984 759 3057 commendans
783 3006 929 3056 causam
954 3006 1057 3054 suam
1083 2981 1322 3079 omnipotenti

258 3106 353 3195 Deo,
377 3127 461 3173 curn
483 3102 534 3175 eis
554 3115 734 3172 certamen
759 3114 865 3196 atque
891 3099 1100 3171 conflictum
1122 3096 1262 3169 habuit.
1282 3100 1321 3170 ln

258 3243 333 3317 quo
356 3219 401 3290 de
425 3219 510 3317 ipsis
529 3219 600 3289 suis
622 3217 784 3290 hostibus
805 3216 1094 3314 gloriosissimam
1113 3215 1318 3306 victoriam,

258 3325 379 3408 divina
394 3334 444 3406 sic
462 3333 651 3405 ordinante
667 3334 910 3424 Providentia,
930 3331 1078 3404 feliciter
1094 3333 1300 3429 reportavit.

306 3449 562 3524 Occubuerunt
576 3464 695 3522 autem
711 3451 747 3521 in
765 3451 843 3548 ipso
863 3449 984 3547 praelio
1000 3449 1165 3548 praefatus
1183 3448 1321 3521 Eduar-

258 3566 345 3654 dus,
369 3567 484 3638 dictus
501 3565 666 3666 princeps
683 3567 855 3656 Walliae¹3
876 3564 1072 3656 lohannes,
1096 3567 1202 3639 frater
1218 3567 1320 3639 ducis

257 3683 504 3775 Summerseti,
530 3681 646 3755 dictus
676 3681 835 3754 marchio
863 3680 910 3753 de
943 3686 1093 3770 Dorset;
1123 3707 1245 3755 eomes
1273 3682 1319 3754 de

297 3913 327 3972 l.
348 3907 549 3988 Tewliesbury.

297 4001 327 4060 ἰ.
348 4003 390 4058 Le
400 3999 500 4079 prince
513 3998 549 4060 de
559 3997 656 4059 Galles
667 3999 710 4057 fut
721 3997 860 4060 assassinis
871 4020 938 4062 sous
948 4001 990 4062 les
1002 4019 1079 4080 yeux
1090 3987 1256 4059 d’lldouard
1266 4001 1316 4075 tv,

256 4089 341 4169 apres
355 4087 383 4149 la
397 4088 524 4149 bataille.
542 4088 676 4148 L'ancien
693 4099 864 4148 annotateur
878 4090 914 4150 de
926 4103 1009 4151 notre
1025 4109 1079 4151 ms.
1096 4091 1174 4149 5962
1188 4087 1318 4168 reppelle

256 4177 318 4237 cela
341 4177 412 4238 dans
435 4197 493 4238 une
512 4190 579 4238 note
600 4177 759 4258 marginale
777 4199 785 4235 z
802 4183 954 4240 Cominaus
974 4183 1107 4260 affirmat
1124 4200 1186 4238 eum
1206 4200 1226 4236 a
1246 4181 1317 4236 duce

258 4269 408 4327 Clarentius
422 4273 451 4324 ιἰι
465 4279 611 4343 conspectu
624 4269 754 4326 Bdoardi
764 4275 839 4345 regis
854 4272 1030 4347 interfectum
1045 4289 1116 4327 esse.

1408 4170 1436 4210 ι’
