3272 5182
429 573 487 630 sta
700 571 956 632 fflsronunou
973 543 1149 632 nunouur
1168 575 1211 632 xr

425 717 524 776 tanta
546 705 679 802 quippe
703 699 896 801 cupiditate
920 727 982 776 seu
1014 701 1162 779 libidine
1185 704 1397 777 dominandi
1421 707 1485 780 ssa·

425 819 549 914 grabat
578 843 724 916 seseque
750 818 963 912 ulciscendi,
999 834 1039 892 ut
1074 820 1119 894 de
1143 819 1299 916 justitia,
1336 821 1381 892 de
1416 821 1487 894 ho·

423 961 524 1030 nore,
543 937 589 1011 de
614 935 718 1009 laude
734 960 798 1007 seu
823 934 954 1033 gloria,
973 933 1061 1008 nihil
1087 938 1242 1034 cogitare
1263 939 1407 1036 penitus
1426 940 1483 1010 vi-

423 1051 580 1124 deretur.

472 1173 561 1240 Cum
581 1170 702 1266 itaque
719 1165 885 1265 concepti
901 1165 1165 1265 machinatique
1181 1165 1327 1263 alicujus
1348 1169 1480 1240 atrocis

423 1283 574 1374 sceleris,
594 1307 638 1353 ex
656 1298 729 1354 tam
746 1283 959 1379 intempesta
976 1295 1011 1352 et
1028 1282 1199 1380 proecipiti
1215 1281 1300 1355 dicti
1321 1282 1483 1356 bastardi

422 1395 522 1492 iuga,
541 1397 663 1496 opinio
680 1397 807 1470 animis
823 1396 985 1468 omnium
1004 1421 1102 1493 paene
1119 1396 1304 1488 insideret,
1321 1423 1482 1496 propen-

420 1515 492 1585 sior
510 1539 595 1587 cura
614 1514 737 1587 habita
754 1528 808 1587 est
826 1513 871 1585 de
889 1514 999 1584 totius
1019 1515 1070 1585 rei
1088 1536 1195 1586 scena
1212 1515 1483 1611 inquisitionem

421 1631 585 1705 faciendi.
608 1634 717 1731 igitur
734 1633 872 1730 equites
889 1631 957 1722 illi,
980 1633 1143 1727 quicum
1163 1631 1263 1704 bono
1281 1633 1414 1704 rustico
1433 1633 1483 1706 ad

419 1747 676 1820 inveniendum
717 1762 940 1846 portatorem
970 1745 1168 1818 litterarum
1206 1746 1253 1818 ad
1292 1749 1481 1819 Sanctum-

421 1859 644 1934 Odomarnm
662 1865 758 1934 missi
775 1863 928 1953 fueraut,
945 1878 1018 1934 tarn
1034 1869 1192 1933 exactam
1208 1861 1254 1933 de
1270 1863 1348 1961 ipso
1364 1862 1483 1934 inves-

423 1977 629 2072 tigationem
645 1977 821 2069 lecerunt,
841 1977 941 2075 quod
953 1976 1119 2048 eumdem
1134 1977 1179 2047 ad
1198 1984 1315 2048 statim
1333 1979 1482 2048 invene-

420 2107 523 2181 runt,
554 2091 810 2187 inventumque
838 2091 883 2165 ad
912 2092 1101 2164 dominum
1127 2090 1256 2162 ducem
1281 2091 1479 2164 Hesdinum

419 2208 658 2282 adduxerunt.
686 2210 756 2297 Qui
784 2211 931 2282 solerter
959 2234 1001 2282 ac
1028 2209 1214 2306 diligenter
1236 2211 1478 2302 examinatus,

421 2325 527 2396 totius
553 2324 695 2397 malitiae
720 2341 938 2398 conventum
962 2325 1113 2417 detexit,
1142 2341 1176 2398 et
1204 2325 1327 2398 dicens
1351 2351 1388 2398 se
1414 2353 1481 2424 per

419 2465 539 2535 regern
563 2441 608 2513 ad
641 2441 874 2530 Balduinum,
905 2441 1047 2514 fratrem
1077 2467 1201 2532 suurn,
1234 2443 1480 2514 transmissum

421 2557 543 2649 luisse,
569 2555 774 2654 litterasque
797 2555 893 2645 illas,
918 2580 1006 2652 quas
1027 2555 1095 2628 sibi
1119 2556 1338 2646 reddendas,
1361 2557 1480 2630 eidem

419 2672 550 2745 rustico
563 2673 756 2746 tradiderat
769 2670 1007 2770 perferendas,
1025 2672 1217 2770 recepisse;
1237 2695 1362 2744 verum
1379 2673 1481 2770 oppi-

419 2791 525 2880 dum,
545 2790 631 2862 durn
651 2791 770 2887 ipsum
785 2788 1125 2888 appropinquasset,
1144 2786 1282 2884 ingredi
1299 2788 1477 2880 timuisse,

421 2919 456 2976 et
482 2905 528 2977 ad
551 2904 975 2979 Sanctum-Odomarum
997 2904 1210 3002 proiectum.
1236 2905 1327 2975 Cum
1359 2915 1480 2975 autem

419 3019 465 3092 ad
484 3021 669 3092 veritatem
690 3020 819 3091 certius
842 3017 1038 3090 eruendam
1060 3021 1278 3092 comminata
1299 3018 1365 3090 sibi
1388 3018 1479 3090 fuis-

420 3149 498 3206 sent
514 3148 704 3225 tormenta,
722 3147 757 3206 et
773 3133 819 3204 de
836 3157 873 3204 se
889 3136 1122 3231 quaestionem
1135 3134 1340 3207 habendam
1356 3133 1480 3206 lormi-

420 3251 538 3338 daret,
557 3247 645 3320 illud
663 3248 770 3320 etiarn
786 3247 928 3342 adjecit,
950 3264 989 3320 ut
1006 3249 1073 3320 sibi
1090 3273 1202 3321 ocreae
1225 3275 1312 3340 suae,
1332 3275 1421 3346 quas
1442 3252 1476 3320 in

421 3363 578 3461 hospitio
599 3373 667 3434 suo*
693 3361 789 3460 apud
817 3363 1234 3437 Sanctum-Odomarum
1267 3363 1477 3462 reliquerat,

421 3480 647 3570 afferrentur3
670 3503 755 3550 nam
777 3479 815 3550 in
833 3478 977 3552 alterius
998 3496 1115 3552 rostro
1133 3483 1190 3578 (ea
1207 3482 1302 3554 enim
1325 3496 1478 3580 tempes-

422 3611 512 3688 tate,
542 3620 607 3695 per
631 3609 746 3667 totam
770 3593 922 3667 Galliam
952 3611 986 3668 et
1012 3597 1259 3686 Germaniam,
1289 3597 1416 3669 calceis
1444 3614 1479 3670 et

421 3709 535 3782 ocreis
554 3709 658 3808 longa
679 3723 715 3782 et
735 3709 839 3782 valde
857 3711 1038 3809 superflua
1054 3726 1089 3782 et
1107 3711 1222 3783 inutili
1239 3712 1386 3810 cuspide
1403 3737 1481 3786 ros-

423 3827 535 3922 tratis¹
552 3851 677 3898 omnes
694 3824 805 3897 ferme
825 3825 1035 3916 utebantur,
1054 3827 1201 3924 quidam
1220 3828 1327 3899 etiam
1347 3829 1481 3900 caeteris

421 3944 535 4016 multo
549 3943 739 4042 grossiore)
754 3943 871 4016 aiebat
883 3943 1015 4017 litteras
1029 3945 1260 4017 inveniendas
1274 3971 1381 4017 manu
1397 3971 1482 4044 pro·

420 4063 498 4161 pria
513 4061 603 4157 regis
621 4074 656 4132 et
673 4084 738 4132 suo
755 4059 856 4156 signo
874 4059 1045 4156 signatas,
1068 4061 1105 4132 in
1124 4061 1254 4156 quibus
1274 4062 1383 4132 totius
1400 4087 1478 4133 ma·

461 4302 488 4356 l.
512 4296 642 4366 Allusion
656 4299 672 4356 d
686 4297 713 4356 le
726 4295 811 4356 mode
824 4295 875 4358 des
884 4301 1043 4374 poulaines.
