3014 5010
547 433 656 488 LIBER
685 429 890 489 SECUNDUS.
1195 427 1254 483 125

114 568 119 577 “
188 593 309 666 regem
324 591 445 666 posse,
468 589 551 636 cum
568 577 679 636 terras
694 587 776 635 suas
789 577 896 658 atque
914 559 1072 631 dominia
1088 583 1216 654 magna
1233 586 1253 630 a

133 674 137 679 ¹
189 686 404 760 seinvicem
430 697 624 768 terrarum,
645 706 724 778 quae
749 680 821 775 regi
846 676 1036 775 parebant,
1059 677 1253 773 intercape-

190 803 274 875 dine
295 801 471 897 sejunctas
485 797 679 885 haberent;
700 797 846 894 insuper
863 810 896 865 et
916 793 1090 890 quidquid
1107 794 1255 892 promit·

191 932 298 1004 teret,
324 943 406 990 cum
429 916 475 989 ab
495 917 648 988 invicem
664 914 816 1012 separati
834 912 969 1000 forent,
991 913 1057 982 nisi
1080 927 1255 1008 quatenus

190 1035 334 1127 liberet,
352 1033 499 1104 minime
517 1030 746 1130 adimpleret3
768 1053 846 1126 quae
860 1029 966 1100 etiam
979 1027 1133 1099 dedisset
1147 1043 1254 1124 atque

190 1148 480 1237 contradidisset,
509 1147 609 1220 facile
634 1159 757 1244 postea
782 1167 993 1243 recuperare
1021 1168 1144 1242 posse,
1170 1169 1254 1214 cum

190 1271 277 1344 alter
291 1269 337 1342 ab
353 1269 466 1342 altero
483 1267 611 1341 auxilia
628 1265 802 1364 consequi
816 1290 891 1336 non
910 1266 1055 1338 valeret.

237 1391 320 1459 Haec
347 1386 511 1457 feruntur
536 1383 632 1456 illius
656 1381 759 1453 ducis
791 1380 1068 1452 Mediolanensis
1097 1380 1195 1453 vafra
1218 1396 1254 1454 et

189 1504 318 1578 callida
350 1503 519 1592 consilia,
549 1526 628 1599 quae
660 1499 771 1571 fidem
798 1500 947 1596 quidem
972 1499 1050 1571 dari
1078 1516 1114 1572 et
1141 1501 1254 1574 multa

189 1647 274 1694 cum
291 1619 505 1696 sacramenti
526 1616 699 1714 religione
716 1615 888 1688 audacter
903 1615 1083 1714 polliceri,
1102 1617 1168 1688 sed
1187 1618 1254 1689 mi·

189 1740 288 1811 nime
312 1734 513 1820 observari,
535 1747 591 1822 et,
618 1732 778 1830 neglecta
805 1732 1040 1830 jurisjurandi
1066 1733 1251 1829 religione,

190 1846 351 1949 dejerare
383 1849 594 1922 suadebant.
621 1848 765 1921 Talibus
788 1849 896 1947 igitur
918 1849 1076 1921 imbutus
1101 1851 1253 1922 instruc·

189 1981 319 2063 tusque
345 1964 521 2056 consiliis,
547 1991 607 2036 rex
626 1989 647 2036 a
668 1988 791 2063 pugna
815 1965 1038 2037 conserenda
1064 1964 1252 2057 abstinuit,

68 2162 75 2177 ,
190 2081 274 2154 licet
291 2081 452 2153 militiam
470 2096 672 2180 equestrem
695 2082 888 2180 plurimam
909 2106 1126 2179 magnasque
1152 2082 1254 2182 pedi·

193 2213 267 2269 tum
308 2198 414 2270 etiam
445 2199 568 2295 copias
600 2196 769 2284 haberet,
800 2213 873 2269 tam
904 2199 939 2267 in
971 2200 1114 2272 civitate
1144 2223 1253 2297 quam

187 2315 304 2410 juxta,
324 2316 385 2411 qui
410 2315 506 2411 ripas
530 2314 688 2384 fluminis
711 2313 970 2402 observabant,
992 2340 1037 2386 ne
1061 2315 1255 2387 adversarii

191 2430 325 2501 flumen
345 2443 618 2502 transmearent.
639 2426 872 2499 Particulares
894 2442 1011 2499 tamen
1032 2430 1254 2517 incursiones

190 2548 285 2618 ultro
301 2549 463 2643 citroque
482 2570 574 2644 saepe
589 2543 741 2636 fiebant,
757 2545 793 2614 in
811 2543 945 2640 quibus
964 2546 1020 2616 vel
1036 2545 1182 2648 jaculip,
1198 2544 1255 2617 vel

190 2662 398 2734 lancearum
417 2660 545 2732 ictibus
566 2661 732 2731 nonnulli
755 2661 882 2746 saucii,
907 2659 1125 2756 aliquando¹
1146 2665 1256 2734 inter·

192 2779 292 2870 fecti,
311 2804 409 2850 nunc
423 2777 510 2865 bac,
531 2802 628 2848 nunc
644 2777 735 2865 illic,
755 2776 1013 2848 referebantur.
1034 2783 1076 2849 Et
1094 2780 1139 2850 de
1155 2795 1255 2876 parte

191 2895 315 2991 inqua
333 2908 435 2966 erant
455 2907 568 2966 castra
592 2892 909 2989 burgundionum,
932 2894 1100 2990 frequens
1119 2896 1177 2966 ille
1200 2895 1255 2966 lu-

192 3010 261 3082 dus
274 3008 457 3106 agebatur.

542 3332 796 3400 CAPITULUM
822 3333 897 3399 Vll.

193 3530 338 3599 Quomodo
357 3531 488 3604 oppidum
507 3534 650 3587 Ponticarae
667 3546 693 3586 et
715 3534 778 3585 urbs
797 3533 994 3604 Rothomagum
1012 3536 1125 3589 factione
1146 3556 1253 3604 eorum,

228 3615 273 3683 qui
285 3632 372 3686 aroge
388 3627 545 3686 acceperant
556 3633 651 3667 eorum
662 3612 823 3678 custodiam,
837 3611 991 3667 defecerunt
1003 3618 1037 3668 ab
1054 3636 1086 3669 eo
1104 3631 1129 3669 et
1141 3620 1253 3673 transie-

228 3708 292 3749 runt
302 3693 337 3748 ad
349 3694 482 3767 principer
496 3696 659 3766 conjuratos.

243 3873 313 3945 Sed
329 3874 418 3946 dum
434 3873 510 3946 baec
528 3874 573 3945 ita
591 3885 818 3970 gererentur,
843 3896 909 3942 nec
934 3873 980 3944 de
1002 3873 1256 3945 reformatione

193 3991 293 4087 regni
308 4015 369 4062 rex
385 3989 519 4086 aliquid
531 3989 656 4062 audire
667 3988 904 4087 permitteret,
921 3990 1069 4086 contigit
1083 4002 1121 4059 ut
1136 4004 1256 4061 custos

235 4186 264 4242 l.
288 4182 385 4241 Plutdt
396 4187 489 4258 aliqui
503 4203 575 4242 vem.
