3384 5184
619 578 729 634 LIBER
753 577 954 638 SECUNDUS.
1258 581 1313 640 l³l

260 708 365 782 Unde
382 707 620 781 existimantes
636 730 674 779 se
691 723 933 808 opportunam
949 711 1176 784 occasionem
1194 726 1317 786 nactos

259 850 341 899 suas
376 839 512 898 veteres
539 837 701 921 acceptas
728 824 874 920 injurias
899 824 1092 900 ulciscendi
1121 827 1188 924 (eo
1217 827 1317 927 quod

260 941 446 1014 crederent
461 937 632 1014 comitem
647 939 701 1012 do
708 939 905 1031 Cdorolois,
924 967 1007 1014 curn
1024 942 1191 1016 omnibus
1206 945 1320 1043 copiis

259 1082 349 1155 quas
368 1056 558 1147 eduxerat,
588 1079 778 1156 nunquam
792 1056 837 1128 ad
856 1071 966 1158 terras
984 1083 1064 1131 suas
1088 1059 1164 1132 sore
1183 1059 1319 1133 reditu-

260 1197 341 1245 rum
351 1226 362 1263 ,
388 1196 589 1272 magnaque
606 1185 643 1244 et
655 1173 745 1245 mira
761 1197 799 1245 sa
816 1163 993 1244 facturum
1008 1199 1069 1246 rex
1086 1175 1220 1247 eisdem
1238 1201 1320 1275 pro-

260 1289 778 1388 mitteret),erumpentcscum
787 1312 918 1384 magno
929 1288 1050 1362 surore
1059 1303 1166 1388 atque
1176 1293 1319 1387 saevitia,
1435 1291 1438 1298 ’

260 1418 373 1478 terras
389 1405 587 1478 Brabantiae
599 1419 635 1477 et
652 1403 697 1476 de
711 1401 915 1475 Lr'mborclz¹
934 1419 1041 1502 atque
1055 1429 1159 1504 agros
1175 1409 1322 1478 Namar-

260 1521 422 1594 censium
447 1522 529 1618 igue
554 1535 589 1593 et
605 1518 699 1592 lerro
715 1520 889 1620 populare
906 1523 1059 1618 aggressi
1075 1535 1181 1614 sunt;
1203 1523 1321 1622 plures

260 1638 360 1712 villas
385 1663 447 1711 seu
473 1637 635 1733 villagia,
664 1651 699 1709 et
723 1660 832 1735 supra
854 1635 1091 1712 ducentarum
1115 1666 1319 1732 numerum,

259 1753 485 1855 plurimaque
522 1753 622 1826 utilia
654 1776 822 1852 agrorum
854 1751 1001 1827 aedificia
1034 1773 1254 1851 cremantes,
1285 1759 1321 1829 in

262 1869 396 1943 favillas
421 1885 458 1942 et
480 1871 616 1942 cineres
635 1869 779 1943 easdem
795 1869 1010 1968 redegerunt
1030 1899 1038 1943 :
1058 1872 1155 1945 stulti
1174 1874 1321 1972 quidem

261 2001 297 2061 et
312 1988 490 2061 temerarii
505 1985 621 2060 valde.
774 2073 777 2080 A
1127 1991 1130 1998 '

310 2105 381 2202 lpsi
394 2105 505 2194 euim,
522 2105 585 2199 qui
599 2103 685 2180 olim
703 2103 890 2198 Eburones
902 2101 1070 2203 appellati
1086 2121 1169 2178 sunt
1181 2109 1204 2198 ¹,
1227 2107 1322 2205 ripas

262 2215 419 2291 fluminis
432 2223 539 2292 Mosae
554 2234 591 2292 et
617 2220 754 2291 viciuos
774 2219 940 2317 ultroque
960 2220 1123 2319 citroque
1140 2245 1245 2320 agros
1263 2223 1323 2293 in-

261 2333 450 2426 colebant,
472 2334 673 2432 urbemque
689 2333 873 2407 babebant
889 2334 995 2408 valde
1010 2333 1207 2433 insignem,
1232 2339 1322 2408 Leo·

261 2450 363 2524 dium
386 2453 558 2542 nomine,
577 2450 809 2522 ecclesiarum
833 2449 1067 2544 solemnium,
1086 2453 1322 2524 monasterio·

261 2585 362 2659 rum,
387 2593 499 2668 opum
514 2583 550 2639 et
568 2567 789 2667 populorum
803 2589 932 2664 magna
948 2568 1054 2666 copia
1069 2589 1111 2638 ac
1127 2570 1325 2641 numerosi-

261 2698 332 2756 tate
365 2683 552 2773 relertam,
581 2707 665 2753 cum
690 2679 853 2781 pluribus
875 2681 1018 2780 oppidis
1045 2681 1192 2753 munitis
1217 2695 1324 2781 atquc

261 2800 352 2872 villis
372 2823 414 2871 ac
439 2800 537 2871 vicis.
566 2803 678 2871 Tanta
700 2821 787 2871 vero
814 2796 1003 2897 temporali
1020 2821 1131 2896 pace,
1162 2795 1325 2871 libertate

263 2931 369 3014 atque
396 2913 647 3014 tranquillitate
677 2913 903 3010 gaudebant,
931 2913 1031 3010 quod
1059 2911 1148 2985 nulli
1172 2914 1323 3012 populi,

193 3095 198 3104 .
263 3053 338 3104 non
355 3029 468 3104 modo
487 3033 524 3102 iu
544 3045 621 3102 tota
637 3029 764 3123 Gallia,
785 3029 849 3102 sed
867 3053 934 3100 nec
951 3029 988 3100 in
1005 3041 1081 3101 tota
1097 3031 1259 3127 Europa,
1289 3032 1325 3104 in

264 3147 518 3246 tranquillitate
534 3161 569 3218 et
584 3144 755 3219 libertatis
767 3141 992 3242 jucunditate
1014 3141 1147 3216 similes
1168 3144 1328 3216 scieban-

262 3279 333 3338 tur.
357 3269 447 3338 Nam
464 3287 549 3335 cum
569 3262 672 3334 nullo
694 3260 901 3359 temporalis
923 3260 1065 3358 imperii
1080 3260 1216 3356 fastigio
1238 3283 1328 3360 pre—
1358 3327 1359 3330 ,

264 3396 457 3473 merentur,
478 3379 541 3452 sed
560 3379 677 3451 solum
693 3401 798 3448 suum
817 3374 1024 3475 pontificem
1039 3399 1106 3473 pro
1124 3374 1274 3446 domino
1294 3389 1330 3448 et

264 3498 386 3599 patriar
401 3509 549 3596 parente
566 3493 756 3585 baberent,
777 3493 876 3564 nulla
893 3490 1026 3564 tributa
1042 3504 1105 3562 aut
1119 3491 1328 3588 vectigalia,

264 3641 343 3713 quae
371 3615 488 3687 solent
523 3613 662 3709 exigere
699 3625 734 3682 et
760 3611 949 3709 imponere
975 3608 1050 3680 aliar
1077 3608 1184 3680 etiam
1213 3607 1331 3680 liberae

264 3732 436 3821 civitates,
456 3728 720 3828 agnoscebant;
739 3725 802 3798 sed
819 3724 980 3825 plenaria
996 3723 1160 3797 libertate
1177 3739 1213 3796 et
1230 3740 1331 3797 tran-

264 3844 438 3943 quillitate
462 3843 705 3944 potiebantur.
723 3841 831 3938 Cujus
850 3839 1028 3938 siquidem
1046 3841 1221 3946 felicitatis
1240 3853 1330 3912 tem-

264 3963 397 4064 poralis
424 3963 485 4059 (si
510 3962 546 4036 id
566 3949 909 4060 eorum'petulantia
932 3973 1040 4058 atque
1061 3957 1228 4061 superbia
1255 3958 1332 4029 ani-

309 4233 339 4288 l.
362 4233 403 4288 Le
417 4225 589 4306 Limbourg.

308 4323 338 4379 2.
361 4324 408 4379 Du
424 4316 565 4398 tampade
580 4313 677 4375 Ce'sar.
