3384 5184
607 474 718 532 LIBER
738 473 939 534 SECUNDUS.
1249 467 1307 535 tta

246 605 352 676 tutan'
388 617 496 700 atque
538 601 756 693 defendere,
791 617 863 678 tam
893 617 1019 676 contra
1046 629 1166 704 regem
1194 631 1305 704 quam

246 721 357 793 alium
383 745 650 819 quemcumque
673 721 735 817 qui
764 746 826 793 eos
854 723 1025 822 impetere
1047 722 1104 795 vel
1128 723 1305 796 ullatenus

247 839 435 910 molestare
461 863 524 910 seu
550 837 747 936 inquietare
769 838 890 929 vellet,
916 838 1160 912 deliberanmt
1185 840 1304 938 ipsum

247 978 330 1026 cum
352 967 427 1026 toto
452 954 624 1025 comitatu
648 978 715 1024 suo
732 953 826 1024 intra
842 953 967 1025 urbem
986 955 1163 1053 recipere,
1184 968 1220 1027 et
1235 955 1305 1029 do-

246 1071 346 1142 mino
372 1069 502 1142 Carolo
526 1070 563 1140 in
590 1067 666 1165 ejus
686 1093 864 1165 persona,
891 1082 1064 1167 tanquam
1081 1071 1192 1168 ipsius
1209 1071 1304 1143 vices

246 1189 414 1286 gerentis,
435 1184 613 1260 fidelitatis
631 1200 795 1284 praestare
808 1187 1012 1282 juramenta
1030 1215 1038 1260 ε
1063 1187 1305 1285 quemadmo-

246 1302 335 1375 dum
353 1317 388 1375 et
406 1302 578 1374 fecerunt.
603 1303 730 1397 Magna
751 1303 800 1373 eis
823 1301 958 1401 quippe
980 1303 1207 1400 ingerebatur
1227 1329 1308 1402 spes

247 1419 293 1491 de
320 1442 452 1515 magno
477 1418 578 1490 bono
604 1432 640 1489 ct
660 1417 712 1489 rei
730 1415 881 1515 publicae
898 1419 1007 1490 totius
1025 1421 1124 1517 regni
1140 1419 1305 1518 perutili,

247 1534 346 1632 quod
371 1534 577 1634 principum
604 1532 706 1630 regni
730 1531 930 1607 solemnem
962 1532 1064 1606 illum
1090 1549 1308 1607 conventum

247 1650 437 1724 allaturum
450 1649 673 1750 jactitabant.
700 1652 787 1737 Qoae
808 1673 864 1720 res
882 1648 928 1721 ad
944 1663 1017 1723 tam
1033 1651 1134 1724 facile
1154 1676 1230 1724 sese
1248 1650 1309 1724 de·

248 1765 408 1838 dendum
432 1791 495 1838 eos
522 1763 688 1855 adduxit3
713 1763 818 1835 simul
834 1763 1078 1868 etiamlquod,
1097 1791 1140 1838 ex
1158 1766 1214 1838 his
1231 1791 1310 1865 quae

248 1882 499 1982 experimentis
515 1879 636 1953 multis
649 1878 903 1976 probaverant,
923 1879 969 1951 de
985 1880 1093 1952 rebus
1107 1906 1173 1979 per
1190 1905 1309 1978 regem

249 1997 375 2095 gestis,
403 1997 510 2070 talem
528 1997 573 2069 de
590 2022 634 2069 eo
655 1995 767 2068 ferme
783 2021 909 2068 omnes
926 2011 1138 2097 acceperant
1159 1999 1311 2070 aestima-

249 2115 405 2202 tionem,
433 2112 535 2212 quod
556 2111 623 2186 sub
636 2112 779 2185 alterius
792 2136 901 2183 manu
915 2111 1082 2185 devenire
1096 2137 1163 2212 pro
1181 2137 1313 2210 magna
1400 2118 1401 2122 ’
1490 2128 1496 2138 ”
1620 2103 1623 2110 ’

250 2228 412 2302 felicitate
439 2227 643 2322 ducebant,
672 2227 783 2299 modo
801 2227 878 2299 talis
896 2227 986 2299 foret
998 2229 1061 2326 qui
1077 2243 1204 2301 contra
1219 2229 1312 2325 regis
1364 2248 1366 2259 ’

251 2347 406 2450 impetus
421 2360 608 2445 protegere
625 2369 687 2416 eos
700 2359 736 2417 et
751 2343 951 2416 incolumes
963 2369 1104 2418 servare
1119 2345 1307 2444 potuisset.

251 2467 278 2534 E
296 2464 436 2536 diverso
453 2486 539 2535 vero
559 2461 749 2533 dominum
767 2462 948 2554 Carolum,
970 2475 1116 2561 propter
1131 2463 1311 2557 egregiam

251 2579 360 2680 ipsius
374 2577 533 2651 indolem
547 2592 654 2684 atque
668 2576 828 2667 virtutes,
848 2600 927 2673 quae
939 2600 961 2648 a
975 2578 1112 2648 cunctis
1127 2576 1315 2673 regnicolis

251 2697 389 2792 maguis
409 2691 670 2769 extollebantur
685 2689 871 2784 laudibus,
890 2691 1086 2788 plurimum
1104 2690 1311 2790 diligebant,

252 2826 288 2885 et
312 2811 420 2886 talem
445 2837 482 2884 se
508 2822 688 2883 assecutos
713 2821 889 2890 rectorem
921 2833 963 2880 ao
990 2807 1181 2880 dominum
1207 2807 1314 2882 vehe-

255 2942 393 3014 menter
412 2927 650 3002 exsultabant.

595 3231 850 3302 CAPlTULUM
875 3233 966 3301 Vlll.

254 3444 293 3498 De
305 3443 443 3516 eruptione
459 3438 644 3496 leodiuuium
665 3435 701 3490 ad
713 3454 800 3505 mma,
822 3457 869 3510 per
884 3455 972 3509 regem
991 3433 1185 3490 concitaturum
1195 3431 1224 3486 in
1235 3446 1317 3489 terras

289 3524 365 3578 ducis
378 3519 538 3596 Burgundiae
545 3543 554 3589 ;
566 3532 591 3574 et
602 3517 729 3574 conviciis
744 3535 775 3571 ac
794 3517 899 3590 probris
915 3534 974 3587 quse
983 3515 1013 3568 in
1026 3526 1124 3567 eumer
1140 3530 1202 3566 suos
1212 3513 1316 3585 jactita-

289 3609 354 3663 bant
369 3609 388 3664 ¹.

305 3782 519 3880 Rothomagi
529 3805 615 3854 vero
632 3778 854 3851 deditionem
873 3775 975 3872 (quae
991 3773 1100 3845 totius
1115 3786 1169 3843 est
1184 3783 1317 3842 metro·

256 3900 349 4002 polis
371 3915 409 3971 et
429 3896 525 3970 velut
548 3909 663 3967 mater
684 3889 900 3992 provinciae)
927 3888 1034 3960 etiam
1057 3885 1209 3959 aliorum
1234 3887 1318 3984 plu·

256 4019 349 4092 rium
364 4014 582 4117 oppidorum
593 4025 700 4108 atque
714 4007 899 4081 civitatum
913 4005 1033 4104 patriae
1052 4001 1186 4077 deditio
1199 4015 1319 4073 secuta
1398 4057 1417 4072 ..

298 4229 326 4287 l.
349 4222 485 4305 Chapitre
502 4217 601 4300 public
618 4215 690 4274 dans
703 4211 909 4287 l’Amplt'sst'ma
923 4211 1060 4282 collectio,
1076 4218 1097 4266 t.
1113 4207 1164 4280 IV,
1176 4203 1232 4263 col.
1250 4208 1318 4272 tta,

419 4349 447 4390 n
1146 4315 1163 4370 9
