3282 5168
385 509 452 598 'aso
667 537 924 600 nrsronttnuu
944 542 1184 602 nunovrcrxr

393 697 496 764 rum,
514 673 681 748 dicebant
693 672 830 746 civibus
843 686 878 745 et
889 672 1018 746 accolis
1031 673 1193 770 ejusdem
1207 676 1305 750 urbis
1316 702 1355 750 se
1364 679 1458 752 velle

393 790 605 884 Henricum,
626 814 744 888 regern
762 813 887 882 suum,
907 789 1092 862 extrahere
1109 789 1154 862 de
1170 795 1302 886 Turre,
1327 795 1364 864 in
1382 819 1457 891 qua

391 905 429 975 in
449 929 589 980 carcere
604 905 824 999 servabatur,
843 929 959 1003 eoque
975 906 1108 979 educto
1125 921 1161 979 et
1174 931 1295 983 secum
1313 909 1452 1001 habito,

390 1019 486 1094 illico
501 1022 678 1122 proficisci
690 1022 736 1095 ad
754 1020 1008 1094 debellandum
1024 1021 1168 1094 bostem
1184 1021 1292 1096 suurn
1311 1024 1456 1099 Edoar-

391 1133 479 1208 dum
497 1150 532 1209 et
544 1137 666 1235 praelio
684 1159 805 1208 seeum
821 1135 1100 1227 decertandum,
1121 1138 1183 1232 qui
1200 1139 1291 1238 regis
1304 1153 1340 1212 et
1353 1143 1456 1237 regni

391 1252 554 1350 proditor
571 1251 753 1350 hostisque
768 1250 931 1352 publicus
949 1251 1156 1324 haberetur.

439 1371 556 1455 Quem
572 1393 655 1440 cum
672 1391 855 1440 rumorem
872 1367 1041 1440 audiisset
1056 1366 1243 1442 Edoardus
1254 1393 1316 1442 rex
1331 1384 1368 1442 et
1383 1372 1457 1469 ple·

390 1482 491 1555 bium
521 1483 662 1557 illarum
690 1484 796 1557 talem
822 1499 949 1557 eontra
974 1509 1012 1557 se
1040 1485 1356 1577 insurrectionem,
1385 1513 1455 1587 pro

390 1601 586 1674 munienda
600 1599 906 1698 confortandaque
916 1625 979 1674 sua
998 1601 1087 1674 urbe
1101 1601 1390 1698 londoniarum,
1409 1632 1454 1680 ex

389 1715 530 1791 civitate
552 1719 841 1810 conventrense,
869 1717 905 1788 in
930 1742 1003 1816 qua
1026 1718 1243 1791 consistebat
1251 1722 1274 1806 ¹,
1301 1720 1348 1792 ad
1374 1745 1455 1795 eam

388 1856 533 1906 suarum
558 1834 744 1934 copiarum
766 1848 905 1934 partem
930 1835 1148 1924 transmisit,
1172 1861 1247 1908 xrv.
1269 1837 1353 1909 maii
1371 1836 1451 1931 die,

389 1951 450 2047 qui
473 1951 579 2023 etiam
602 1949 715 2023 biduo
734 1963 833 2050 post,
860 1975 932 2022 xvr.
955 1950 1121 2024 videlicet
1140 1950 1301 2048 ejusdem
1322 1954 1455 2026 mensis

388 2065 470 2156 die,
490 2081 571 2165 post
586 2091 669 2158 eos,
687 2091 809 2139 versus
824 2066 988 2139 eamdem
1006 2068 1133 2140 urbem
1151 2068 1313 2166 trajicere
1329 2072 1462 2169 coepit..

438 2186 550 2255 Porro
563 2207 646 2256 cum
660 2183 853 2256 audiissent
865 2182 1072 2280 hujusmodi
1086 2184 1245 2256 seditiosi
1256 2200 1293 2258 et
1304 2185 1454 2260 rebelles

387 2313 513 2372 contra
544 2323 582 2372 se
612 2299 804 2373 adventare
837 2300 1065 2390 Edoardum‚
1100 2325 1176 2372 xur.
1209 2315 1245 2373 et
1280 2329 1357 2376 xrv.
1394 2303 1454 2377 die

387 2413 548 2511 ejusdem
571 2416 720 2508 mensis,
745 2416 835 2514 regis
856 2438 1037 2488 accessum
1058 2416 1253 2514 praevenire
1275 2419 1394 2490 conati
1418 2431 1454 2491 et

386 2545 469 2603 ante
490 2531 566 2627 ejus'
583 2530 776 2604 adventurn
793 2530 882 2603 urbe
897 2531 1025 2630 potiri,
1044 2555 1222 2628 suumque
1237 2533 1450 2624 llenricum,

386 2671 407 2719 e
432 2672 572 2720 carcere
593 2647 785 2738 eductum,
803 2647 954 2739 habere,
979 2671 1110 2743 magno
1127 2647 1257 2719 annisu
1281 2647 1453 2724 insultum

386 2763 432 2836 od
449 2764 612 2837 eamdem
629 2763 755 2836 urbem
772 2763 966 2856 dederunt3
979 2761 1154 2835 machinis
1166 2777 1273 2861 atque
1283 2763 1374 2858 telis,
1385 2790 1452 2838 αε-

385 2884 541 2982 terisque
555 2883 682 2980 jaculis
700 2897 736 2955 et
752 2882 878 2976 armis,
898 2905 978 2954 eam
993 2904 1197 2980 expugnare
1215 2895 1250 2954 et
1264 2883 1300 2953 vi
1315 2883 1452 2980 ingredi

385 3000 503 3072 adorti
518 3015 622 3091 sunt,
642 3014 911 3100 posueruntque
929 2997 1094 3070 incendia
1111 2997 1147 3068 in
1161 2997 1346 3071 nonnullis
1364 2998 1453 3072 aedi-

384 3114 452 3189 bus
465 3115 566 3188 dictae
583 3117 674 3189 areis
694 3115 768 3188 sive
781 3115 928 3208 Turris,
948 3129 983 3187 et
1000 3115 1036 3186 in
1054 3113 1195 3187 duabus
1210 3139 1253 3187 ex
1272 3115 1384 3214 portis
1399 3116 1451 3188 ci·

384 3233 531 3308 vitatis¹.
561 3232 631 3306 Sed
658 3230 938 3332 repugnantibus
960 3245 1067 3328 atque
1091 3229 1239 3303 viriliter
1258 3231 1453 3304 resistenti-

383 3343 451 3418 bus
464 3347 633 3420 adversus
653 3348 808 3445 impetus
828 3346 964 3419 civibus
985 3345 1101 3435 urbis,
1125 3369 1208 3417 cum
1231 3345 1382 3418 domino
1405 3345 1451 3421 de

384 3463 518 3534 Reviris
531 3478 567 3535 et
580 3462 739 3562 quodam
753 3463 915 3552 comite⁸,
931 3475 1038 3560 atque
1052 3461 1187 3534 caeteris
1203 3462 1263 3559 qui
1282 3461 1353 3534 illic
1366 3461 1452 3536 ade·

383 3593 464 3652 rant
480 3604 524 3652 ex
539 3579 770 3653 servitoribus
793 3579 950 3652 Edoardi
968 3578 1079 3675 regis,
1102 3578 1224 3651 civitas
1242 3603 1317 3650 non
1336 3577 1449 3651 modo

382 3693 528 3770 defensa
549 3697 630 3790 fuit,
650 3696 714 3770 sed
730 3711 766 3770 et
780 3697 870 3795 ipsi,
887 3695 950 3794 qui
967 3695 1063 3768 intus
1078 3709 1202 3787 erant,
1220 3719 1262 3766 ex
1284 3693 1376 3766 urbe
1393 3695 1451 3766 in-

421 3937 452 3997 l.
475 3929 668 3994 consistebant
678 3930 750 3991 dans
763 3929 791 3990 le
804 3949 858 3990 ms.

422 4025 451 4082 ἰ.
477 4046 492 4076 ι
501 4025 538 4081 Et
547 4021 652 4081 minent
664 4021 691 4080 le
702 4021 750 4080 feu
761 4039 797 4082 en
808 4020 938 4081 diverses
948 4019 1075 4080 maisons
1086 4039 1136 4080 sur
1144 4019 1173 4080 le
1181 4030 1253 4100 pont
1266 4018 1304 4082 de
1314 4019 1448 4081 Londres

382 4123 410 4171 et
424 4131 461 4170 en
475 4110 552 4171 deux
566 4122 663 4170 autres
676 4122 783 4191 portes.
802 4135 817 4165 a
838 4109 967 4170 Relation
983 4109 1136 4187 lraneaise.

423 4205 452 4262 3.
484 4227 496 4254 r
517 4207 572 4261 Les
588 4198 662 4261 bons
676 4212 783 4259 comtes
802 4204 895 4276 Dercy
915 4209 945 4258 et
962 4195 998 4256 de
1012 4197 1130 4257 lliviere
1155 4195 1294 4270 (Thomas
1312 4197 1446 4276 Stnnley,

380 4305 474 4362 comte
484 4292 521 4351 de
532 4290 680 4379 Derby,et
689 4290 815 4353 Antoine
827 4287 864 4348 de
878 4286 1024 4364 Wydvile‚
1035 4285 1101 4346 lord
1114 4287 1238 4347 Riverst.
1253 4313 1266 4338 ι
1275 4287 1337 4354 rtet.
1352 4288 1444 4365 frene.
