3322 5172
600 558 708 616 nunu
728 557 900 632 Qumrus.
939 509 942 532 ’
1222 560 1274 616 arr

222 684 372 775 nissent,
391 698 582 781 postquam
600 695 719 755 tamen
736 683 868 764 dictam
884 683 1054 768 infamem
1075 687 1280 784 pactionem

222 813 259 871 et
274 798 503 874 traditionem
518 796 601 871 fecit
620 797 730 886 illius,
753 800 815 896 qui
826 799 872 872 ad
889 825 927 872 se
943 800 1069 900 refugii
1085 815 1282 908 etfprotec-

222 915 329 986 tionis
344 937 468 1003 causa,
487 927 521 986 et
537 911 604 988 sub
618 911 684 987 sibi
697 938 718 986 a
733 939 770 986 se
783 913 1006 1014 plenissima,
1023 917 1076 987 uti
1092 915 1281 1011 ferebatur,

223 1030 409 1103 securitate
427 1029 598 1129 praestita,
618 1029 842 1128 confugerat,
862 1032 962 1128 quasi
979 1032 1017 1104 in
1034 1032 1150 1106 vicem
1166 1057 1283 1133 apro·

224 1149 380 1225 tectione
388 1144 508 1218 divina
520 1144 708 1218 derelictus
719 1145 811 1220 foret
821 1145 836 1243 (
841 1171 912 1244 qua
920 1161 1066 1247 perante
1085 1173 1107 1222 a
1123 1150 1285 1224 maximis

225 1284 317 1359 saepe
344 1274 380 1332 et
399 1257 623 1334 evidentibus
646 1261 811 1360 periculis
828 1262 1016 1360 singularis
1043 1263 1164 1361 gratiae
1180 1260 1286 1338 donis

227 1379 342 1452 fuerat
356 1391 478 1450 erutus
495 1401 537 1450 ac
554 1375 760 1473 defensus),
774 1377 863 1450 nihil
873 1379 906 1450 ei
923 1378 1078 1452 faustum
1093 1395 1128 1453 et
1142 1405 1287 1480 prospe-

226 1518 325 1583 rum,
343 1491 406 1565 sed
423 1493 545 1566 omnia
561 1508 661 1591 paene
680 1491 756 1564 dira
778 1515 820 1564 ac
842 1492 1010 1587 infausta,
1033 1519 1146 1593 usque
1169 1494 1287 1568 adsui

226 1634 447 1708 suorumque
473 1609 721 1708 exterminium
752 1620 858 1705 atque
883 1611 1186 1702 internecionem,
1210 1636 1289 1684 eve-

225 1741 369 1800 nerunt.

274 1844 345 1932 Sed
359 1869 433 1918 non
450 1869 497 1918 eo
512 1845 632 1916 minus
646 1841 850 1917 notandum
865 1842 1186 1942 detestandumque
1197 1846 1289 1941 regis

207 1962 359 2044 ¹factum
375 1963 639 2055 existimamus,
658 1963 721 2058 qui
736 1960 865 2034 ducem
891 1960 1144 2057 lotharingiae,
1165 1963 1288 2060 utique

226 2079 408 2176 egregium
434 2078 652 2177 principem,
677 2100 786 2173 quem
814 2074 860 2150 ad
887 2075 1127 2148 deficiendum
1156 2077 1291 2150 aduce

228 2193 439 2292 Burgundiae
461 2207 496 2266 et
523 2194 569 2265 ad
586 2219 667 2266 suas
690 2207 807 2292 partes
832 2193 1092 2268 transeundum
1114 2195 1292 2293 quodam-

227 2311 338 2386 modo
355 2309 594 2411 compulerat,
613 2311 727 2408 etqui
746 2311 819 2381 suis
833 2309 969 2383 viribus
989 2310 1108 2384 eidem
1125 2311 1292 2384 inservie-

227 2435 301 2519 rat,
319 2418 432 2518 lrosti,
462 2427 530 2499 sibi
556 2426 783 2498 infestissimo
809 2424 903 2497 illius
925 2427 1134 2499 defectionis
1158 2452 1285 2520 causa,

228 2543 478 2618 devorandum
494 2544 659 2641 exposuit
675 2555 782 2640 atque
799 2542 971 2640 permisit.

276 2665 364 2749 Quae
380 2657 508 2758 procul
525 2657 639 2730 dnbio
654 2658 839 2757 pactiones
856 2659 933 2730 aliis
949 2657 1081 2732 similes
1098 2659 1285 2750 videntur,

226 2801 307 2875 quae
322 2776 407 2850 olim
433 2775 526 2849 inter
552 2799 588 2846 se
615 2772 743 2847 habitae
772 2788 874 2865 sunt,
895 2799 985 2872 quas
1009 2775 1232 2872 Tranquillus
1249 2778 1285 2850 in

226 2891 320 2966 libro
336 2889 496 2964 secundo
521 2887 567 2961 de
589 2884 785 2960 Caesaribus
808 2887 956 2979 refert¹;
983 2913 1004 2962 a
1028 2888 1159 2988 quibus
1179 2892 1286 2964 etiam

226 3007 337 3083 fertur
346 3004 405 3077 illa
414 3001 588 3102 prodiisse
597 3002 787 3096 sententia,
801 3026 912 3101 quam
926 3006 1155 3102 Augustinus,
1167 3037 1183 3073 α
1195 3010 1288 3079 Con·

228 3139 281 3196 tra
298 3126 484 3211 Faustum,
503 3147 521 3188 ι
542 3120 711 3197 furiosam
727 3115 913 3219 appellat:
941 3149 958 3188 u
981 3123 1134 3206 Pereant
1159 3124 1282 3214 amici,

228 3237 429 3312 dummodo
447 3259 519 3310 una
535 3236 733 3309 interierint
749 3236 822 3307 sive
838 3251 987 3335 pereant
1001 3237 1148 3318 inimici.
1169 3267 1186 3303 ι

596 3552 851 3622 CAPlTULUlll
878 3554 920 3621 ll.

341 3731 459 3799 Qualiter
470 3729 526 3788 dux
536 3729 696 3803 Burgundio
706 3727 994 3800 Lotheringiamfaeile
1004 3731 1173 3802 conquisivit.

277 3902 350 3976 Tali
376 3904 484 4001 igitur
513 3901 605 3998 regis
637 3899 803 4000 pactione
836 3898 909 3970 dux
942 3901 1152 3998 Burgundiae
1179 3903 1288 3977 fretus

230 4017 349 4117 (quod
363 4017 527 4091 videlicet
540 4019 614 4090 dux
628 4015 862 4114 lotharingiae
876 4015 1024 4090 minime
1040 4017 1131 4090 foret
1145 4019 1182 4090 in
1200 4034 1291 4093 treu-

270 4211 299 4266 1.
321 4203 454 4264 Allnsion
467 4223 507 4263 au
521 4201 686 4263 triumvirat
707 4200 858 4278 d’Octare,
874 4201 999 4262 Antoine
1018 4213 1047 4260 et
1061 4201 1188 4282 Le'pide,
1207 4223 1291 4264 men-

230 4297 329 4356 tionne
341 4316 395 4376 par
409 4297 534 4356 Suetone
547 4316 584 4354 au
598 4294 728 4374 chapitre
742 4313 797 4352 xur
812 4291 848 4352 de
861 4293 889 4352 la
902 4293 950 4352 vie
964 4291 1131 4374 d'Auguste.
