3402 5186
399 547 437 606 ts
672 545 930 603 msronuauu
949 544 1126 603 eunoun
1144 544 1187 601 x1
1257 505 1261 512 ⁴

398 679 486 751 lium
499 679 667 752 oneribus
680 678 862 768 liberatos,
879 677 915 748 iu
933 676 1116 774 antiquam
1132 675 1341 774 dignitatem
1350 691 1456 778 atque

398 793 599 867 libertatern
614 794 808 867 reduceret.

449 896 491 982 n'
502 910 577 986 lucc
593 910 740 1009 quidem
752 934 834 981 cum
848 906 893 980 ab
910 932 953 978 eo
971 908 1065 979 dicta
1080 906 1214 1003 ubique
1228 907 1459 1005 praedicaren-

401 1039 469 1112 tur,
489 1027 771 1126 quamplurimos
795 1027 831 1094 in
857 1048 956 1121 spem
984 1024 1084 1095 facile
1106 1019 1332 1095 adduxerunt
1358 1026 1457 1120 quod

401 1142 475 1241 ipsa
492 1143 662 1220 libertatis
674 1140 883 1213 instauratio
893 1154 928 1210 et
935 1138 1132 1212 sublevatio
1143 1164 1162 1210 a
1173 1139 1323 1221 tributis,
1336 1165 1459 1236 quem·

399 1258 596 1331 admodum
614 1256 869 1356 pollicebatur,
891 1256 1063 1352 consequi
1084 1269 1191 1352 atque
1213 1254 1371 1327 exhiberi
1395 1255 1457 1328 de·

399 1373 538 1447 herent.
560 1373 654 1445 Alios
670 1396 774 1463 vero,
793 1373 855 1468 qui
877 1396 1019 1442 morum
1040 1371 1150 1468 ipsius
1171 1394 1363 1468 rerumque
1383 1396 1403 1444 a
1420 1398 1458 1444 se

401 1505 547 1589 perante
573 1505 769 1588 gestarum,
785 1504 858 1561 tam
878 1489 914 1559 in
932 1513 998 1559 suo
1014 1487 1191 1560 Dellruatu
1214 1513 1324 1585 quarn
1350 1488 1454 1578 alibi,

400 1629 474 1678 uon
492 1605 604 1703 ignari
619 1605 748 1691 lorent,
767 1602 973 1697 hujusmodi
992 1603 1250 1701 promissorum
1266 1625 1359 1675 vana
1378 1627 1459 1702 spes

400 1746 475 1794 non
493 1721 622 1794 delusit
640 1735 702 1792 aut
720 1719 852 1791 tefetttt.
873 1720 1001 1790 Docuit
1018 1733 1136 1790 autern
1155 1743 1228 1790 non
1242 1718 1347 1815 longe
1359 1733 1457 1818 post-

400 1837 469 1912 hac
495 1839 546 1910 rei
575 1839 687 1910 exitus
715 1849 957 1933 quantalspes
982 1833 1189 1931 hujusmodi
1214 1837 1394 1933 promissis
1424 1851 1459 1911 et

400 1958 573 2030 similibus
580 1955 746 2031 habenda
755 1936 935 2044 lor·et,'sub
949 1980 1105 2053 quorum
1117 1971 1194 2028 tum
1207 1956 1356 2028 obtentu
1371 1981 1460 2030 uon·

400 2073 506 2145 nullae
522 2098 565 2144 ex
581 2071 761 2144 nobilibus
776 2071 974 2145 civitatibus
985 2073 1096 2170 regni,
1113 2073 1237 2172 utipsa
1249 2075 1456 2160 Remorum,

401 2213 480 2285 quae
494 2186 577 2260 talia
594 2186 756 2286 polliceri
771 2186 967 2273 audiverat,
986 2202 1022 2258 et
1043 2187 1315 2290 audegarorum
1329 2187 1456 2276 urbes,

400 2326 537 2400 magnae
548 2303 756 2376 calamitatis
766 2302 956 2374 discrimen
966 2303 1206 2401 etpericulum
1218 2306 1456 2392 incurrerunt,

358 2498 375 2528 ·
401 2435 441 2492 ut
458 2419 662 2520 paulopost
678 2442 744 2494 suo
762 2417 844 2491 loco
862 2417 1067 2492 reseremus.

757 2722 1014 2795 ctt’ttututt
1040 2721 1097 2788 lV.

400 2896 546 2972 Quomodo
560 2917 592 2952 ex
604 2900 692 2952 llemis
703 2897 775 2950 venit
787 2896 820 2949 ad
836 2893 1133 2967 Sanctum-Dionysium
1146 2912 1231 2966 prope
1245 2893 1367 2959 Parisios,
1384 2895 1431 2948 uhi
1444 2914 1460 2949 ι

436 2978 553 3052 quodam
572 2979 639 3031 Italo
659 2990 869 3049 prosumptuoso
886 2977 953 3050 patri
972 2974 1098 3030 defuncto
1118 2974 1275 3030 beneficium
1290 2975 1462 3029 absolutionis

437 3058 587 3132 impensum
600 3070 637 3111 est
651 3059 672 3111 ¹.
1143 3059 1150 3069 “

450 3213 560 3308 Igitur
586 3236 692 3302 cum,
727 3224 916 3309 postquam
944 3233 1047 3284 sacro
1074 3211 1254 3286 delibutus
1288 3211 1392 3303 oleo,
1425 3213 1461 3284 in

403 3329 500 3424 dicto
518 3327 736 3400 monasterio
754 3327 864 3398 sancti
882 3327 1095 3401 Theudorici
1115 3328 1208 3401 duos
1222 3345 1287 3402 aut
1302 3343 1373 3402 tres
1386 3327 1462 3402 dies

403 3443 635 3544 perstitisset,
666 3442 758 3514 duce
779 3443 1072 3539 Burgundionum
1102 3469 1184 3514 cum
1209 3468 1276 3515 suo
1299 3441 1462 3540 magnifi-

404 3558 607 3631 centissimo
634 3557 844 3648 comitatu¹,
876 3559 1017 3654 inquo
1047 3559 1119 3630 dux
1149 3559 1348 3631 Clevensis⁸
1378 3581 1461 3630 cum

404 3673 584 3772 radolpho,
603 3673 707 3746 lratre
721 3699 801 3764 suo,
818 3699 970 3772 praesens
985 3674 1121 3766 aderat,
1145 3675 1350 3770 caeterisque
1365 3674 1462 3772 prin·

447 3913 476 3974 1.
499 3911 633 3990 Chapitre
645 3910 780 3991 imprimd
796 3910 890 3990 parmi
902 3911 943 3970 les
954 3914 1082 3970 Proures
1095 3928 1153 3970 aux
1167 3908 1297 3970 Libertc's
1310 3908 1464 3988 gallicanas

377 3998 383 4010 '
405 4001 441 4062 de
458 3999 491 4062 P.
508 4005 554 4060 Du
569 4006 638 4079 Puy.

447 4095 476 4150 2.
500 4095 608 4152 conata
623 4089 694 4148 dans
707 4089 735 4148 le
749 4108 802 4148 ms.

448 4186 479 4242 3&
499 4187 581 4258 teau,
597 4180 654 4240 duc
670 4180 707 4241 de
720 4181 839 4255 Cleres,
856 4199 950 4241 neveu
969 4178 1008 4239 du
1024 4178 1079 4238 duc
1093 4178 1129 4240 dc
1143 4184 1316 4260 Bourgogne
1333 4191 1362 4239 et
1375 4177 1465 4239 mariti

408 4274 485 4334 aussi
497 4274 570 4334 dans
580 4272 608 4333 la
619 4271 730 4331 maison
741 4269 778 4330 de
788 4272 973 4351 Bourgogne,
985 4274 1001 4329 t
1015 4271 1044 4330 lo
1054 4270 1111 4332 tute
1125 4269 1161 4331 dc
1173 4275 1246 4330 Jean
1256 4270 1293 4330 de
1303 4275 1422 4330 Novers.
