3384 5184
374 526 432 594 tta
645 531 900 590 fltsrotttttttttt
919 533 1100 593 tunovlct
1120 535 1164 592 XI

374 668 466 765 regis
475 691 585 766 quam
597 665 803 764 principum
819 689 983 757 assensu,
996 666 1103 740 fuisse
1111 665 1291 759 delectos,
1306 667 1438 764 quibus

375 810 444 884 pro
467 783 569 856 bono
598 783 744 882 publico
771 796 810 854 et
832 782 1062 856 instauranda
1089 783 1127 854 in
1154 782 1339 855 meliorem
1365 784 1438 858 sor·

375 928 472 976 mam
493 927 532 975 re
549 901 693 1001 publica
707 901 803 999 (quae
815 927 890 973 non
904 900 1015 974 modo
1030 901 1168 1002 dilapsa
1180 902 1237 974 vel
1250 900 1435 992 deformis,

374 1012 458 1112 sed,
479 1034 520 1091 ut
534 1021 610 1117 jam
622 991 733 1118 ⁰supra
750 1017 879 1090 dixisse
895 1019 1145 1116 meminimus,
1164 1018 1435 1118 proculdubio,

374 1135 518 1235 penitus
541 1135 714 1206 exstincta
739 1131 910 1228 nullaque
929 1134 1004 1231 jam
1029 1148 1124 1225 erat,
1148 1135 1224 1207 sola
1247 1159 1315 1233 pro
1338 1137 1438 1210 omni

375 1251 515 1322 ratione
548 1247 734 1320 voluntate
764 1249 984 1347 imperante)
1022 1262 1181 1347 potestas
1210 1247 1365 1322 dabatur
1399 1252 1437 1324 in
1555 1288 1559 1296 ·

375 1391 489 1438 unum
502 1353 762 1456 conveniendi,
776 1377 811 1436 et
821 1364 1049 1463 concipiendi
1065 1389 1106 1436 ac
1117 1364 1334 1438 decernendi
1343 1391 1435 1463 quae,

375 1506 443 1581 pro
469 1479 596 1552 eadem
609 1479 829 1553 restituenda
846 1494 901 1570 et,
920 1504 964 1552 ex
979 1478 1077 1551 velut
1096 1494 1258 1573 mortua,
1279 1480 1439 1558 rediviva

375 1597 580 1691 efficienda,
600 1598 702 1670 utilia
727 1611 834 1694 atque
852 1595 1007 1669 salubria
1027 1621 1104 1669 esse
1124 1595 1345 1670 viderentur.
1366 1597 1438 1671 Sed

374 1716 456 1811 quis
481 1712 567 1786 inde
583 1712 729 1787 effeetus
756 1712 813 1784 vel
832 1711 1033 1810 profectus,
1051 1725 1133 1809 post
1150 1712 1355 1812 principum
1368 1712 1439 1786 dis-

375 1830 593 1920 cessionem,
625 1829 761 1927 sperari
787 1842 949 1926 poterat,
979 1852 1063 1899 cum
1099 1827 1262 1927 profecto
1293 1827 1439 1903 liberius

376 1961 474 2046 post,
494 1968 603 2043 quam
627 1959 728 2037 ante,
747 1942 873 2016 elatius
900 1956 1007 2041 atque
1031 1942 1254 2018 ambitiosius
1278 1959 1314 2018 ct
1330 1948 1437 2018 tumi-

376 2063 457 2135 dius
474 2062 581 2134 unius
608 2061 717 2132 solius
744 2074 908 2156 regnaret
933 2058 1150 2133 arbitrium?
1174 2066 1201 2132 Α
1228 2085 1303 2158 quo
1328 2062 1438 2135 etiarn

378 2176 596 2276 quibusque,
615 2175 845 2274 quantumvis
860 2174 950 2248 boni
964 2176 1031 2248 zeli
1047 2174 1167 2248 forent
1184 2175 1283 2274 (qui¹
1303 2177 1439 2275 princi-

375 2292 482 2394 pibus
513 2291 560 2365 ad
587 2292 682 2365 hanc
706 2306 865 2365 sanctam
884 2291 1122 2365 intentionem
1140 2306 1178 2366 et
1192 2290 1302 2364 finem
1317 2291 1439 2367 lauda·

289 2489 298 2500 ,
380 2409 491 2483 bilem
517 2434 555 2482 se
576 2409 774 2483 subservire
797 2409 1101 2503 existimaverant,
1123 2409 1212 2482 nihil
1229 2408 1328 2483 aliud
1341 2434 1437 2508 quea·

379 2543 497 2604 rentes
514 2541 577 2600 aut
597 2529 794 2628 sperantes)
810 2552 878 2627 pro
895 2528 1053 2601 maximo
1068 2528 1205 2628 probro
1222 2541 1258 2600 et
1273 2528 1437 2600 convicio

376 2644 612 2742 objiciebatur
642 2661 677 2718 et
708 2645 1010 2745 exprobrabatur,
1042 2645 1142 2743 quod
1172 2646 1240 2746 ipsi
1268 2644 1437 2719 debono

376 2760 522 2861 publico
539 2760 762 2833 exstitissent.
784 2758 879 2832 Nihil
904 2761 1024 2858 itaque
1037 2758 1083 2832 ab
1104 2759 1167 2832 illo
1185 2760 1438 2834 terduodeno-

377 2875 477 2948 virali
490 2875 628 2972 judicio
642 2877 785 2974 penitus
801 2875 1033 2947 constitutum
1046 2889 1121 2966 est;
1142 2900 1209 2949 nec
1225 2901 1340 2971 unus,
1354 2891 1438 2976 post

375 2991 580 3091 principtun
606 2989 923 3087 disgregationem,
949 2990 1019 3062 nisi
1043 3016 1126 3064 cum
1150 2993 1206 3064 sui
1229 2992 1438 3066 eminentis-

376 3108 468 3179 simo
493 3106 650 3206 periculo
671 3104 817 3204 capitis,
843 3104 890 3178 de
913 3107 1163 3182 conveniendo
1181 3109 1219 3181 in
1238 3133 1354 3182 unum
1369 3135 1436 3210 pro

375 3221 626 3320 hujuscemodi
648 3245 755 3294 causa
770 3221 827 3318 vel
843 3222 949 3296 etiam
966 3223 1012 3298 de
1028 3249 1070 3298 ea
1085 3225 1364 3300 remeationem
1385 3225 1437 3300 ta-

377 3363 458 3413 cere
476 3340 652 3413 ullatenus
676 3363 803 3419 ausum
831 3363 1011 3414 assumere
1041 3343 1217 3442 potuisset
1226 3345 1249 3415 ¹.
1277 3347 1320 3416 Et
1340 3355 1436 3417 certe

376 3563 393 3619 a
412 3559 575 3620 commines
598 3561 635 3621 de
656 3560 778 3642 Lengiet
792 3561 958 3641 Dusresnoy
975 3563 1008 3638 (t.
1028 3566 1069 3637 Π,
1088 3583 1118 3643 p.
1136 3567 1216 3641 519).
1237 3563 1384 3644 L’dvdque
1399 3564 1437 3626 de

375 3647 492 3710 Lisieux
504 3669 525 3728 y
539 3649 557 3707 fi
598 3670 630 3710 re
649 3671 687 3711 au
706 3650 851 3712 troisidme
866 3671 938 3732 rang
951 3652 1036 3732 apres
1055 3651 1097 3712 les
1114 3652 1240 3734 ‹ireques
1257 3653 1297 3714 du
1310 3657 1391 3714 Mans
1407 3666 1437 3716 et

376 3737 414 3798 dc
428 3738 519 3798 Paris.

417 3831 446 3892 1.
473 3827 665 3904 Quibusdam
679 3827 707 3888 le
720 3847 774 3892 ms.
895 3897 908 3908 ,

416 3920 446 3979 Ξ.
469 3918 944 3998 Erreur.1acommissionpour
969 3919 997 3978 le
1019 3917 1089 3980 bien
1105 3921 1205 4001 public
1229 3921 1395 3984 s’assembia
1419 3925 1437 3984 i

375 4006 473 4081 Paris,
496 4027 566 4068 avec
585 4027 643 4068 une
660 4009 770 4087 grande
784 4009 941 4086 solennite,
961 4012 990 4070 le
1007 4011 1046 4070 16
1061 4010 1156 4086 juillet
1168 4013 1258 4073 ttae.
1279 4013 1304 4072 tt
1316 4025 1361 4074 est
1372 4011 1437 4073 vrai

376 4096 482 4176 qu’ellc
500 4097 578 4156 avait
597 4097 642 4156 etc'
660 4096 772 4158 reduite
789 4101 804 4156 a
823 4098 904 4177 vingt
919 4111 948 4158 et
963 4118 1002 4158 un
1024 4099 1178 4161 membres.
1194 4105 1343 4177 L’auteur,
1358 4101 1436 4162 alors

377 4183 488 4266 refugii
499 4205 536 4246 en
545 4185 693 4267 Belgique,
707 4186 750 4246 sut
762 4187 1001 4247 necessairement
1012 4188 1074 4248 l’uu
1088 4187 1125 4250 de
1138 4210 1214 4251 ceux
1226 4211 1277 4252 sur
1288 4191 1339 4272 qui
1352 4203 1435 4272 porta

376 4271 580 4336 lariduction.
