3282 5168
571 593 680 650 LIBER
700 591 883 664 Quantus.

517 901 773 972 CAPITULUM
798 901 921 972 XVlll.

275 1120 357 1189 Quod
371 1119 556 1176 similiterdux
569 1119 804 1193 Burgundiorum
819 1139 880 1194 rege
893 1123 1056 1176 Francorum
1071 1136 1175 1196 treugas

601 1206 663 1260 fecit
678 1208 851 1262 novennales.

245 1402 428 1479 Intellecta
444 1430 563 1479 veroa
579 1404 672 1480 duce
685 1407 983 1504 Burgundionum
997 1407 1097 1508 quod
1112 1409 1161 1482 ita
1173 1429 1261 1510 pra·

195 1524 316 1621 rupte¹
337 1536 373 1594 et
391 1523 596 1621 repentina,
621 1547 666 1596 eo
686 1524 826 1615 nesci0,
850 1538 992 1621 treugas
1012 1525 1198 1625 praedictas
1219 1551 1262 1601 ac

195 1638 329 1712 foedera
345 1663 428 1710 cum
444 1663 527 1736 rege
545 1643 766 1712 Francorum
783 1640 943 1714 sororius
962 1666 1050 1714 suus
1067 1643 1262 1741 percussis-

195 1769 266 1848 set,
291 1753 337 1826 ab
359 1755 539 1853 armisque
562 1753 750 1828 discedens
772 1755 971 1828 retorsisset
993 1757 1159 1854 vestigia,
1184 1782 1260 1831 non

196 1871 299 1946 facile
320 1871 392 1944 dici
415 1885 533 1971 potest
553 1887 731 1970 quantum
751 1870 845 1945 inde.
858 1869 1073 1964 admiratus,
1098 1887 1136 1944 et
1157 1873 1261 1946 initio

195 1986 295 2060 velut
331 1986 604 2084 quodammodo
638 1989 761 2062 animo
793 2001 1041 2062 consternatus
1074 1988 1258 2064 exstiterit.

196 2103 331 2204 Agebat
345 2104 442 2176 enim
458 2129 542 2177 cum
555 2106 655 2177 omni
668 2105 855 2179 sedulitate
869 2120 905 2178 ct
918 2104 1102 2202 diligentia
1118 2129 1262 2178 exsecu-

195 2221 285 2293 tioni
308 2219 480 2292 mandare
499 2245 579 2318 qua·
602 2221 694 2294 inter
710 2246 747 2294 se
763 2223 936 2321 proximis
951 2220 1078 2296 diebus
1095 2219 1263 2295 condicta
1325 2227 1329 2240 '

195 2349 446 2433 conventuque
460 2335 613 2431 fuerant,
630 2339 839 2436 priusquam
854 2337 900 2410 ab
914 2339 1070 2412 invicem
1086 2339 1262 2415 discessis·

195 2468 290 2545 sent;
311 2451 408 2525 unde
420 2450 496 2549 jam
514 2465 654 2551 partem
670 2477 816 2526 suarum
833 2454 1020 2553 copiarum
1038 2467 1073 2528 et
1088 2479 1261 2528 curruum

195 2569 233 2642 in
256 2593 382 2667 agrum
408 2573 618 2642 barrensem
643 2569 878 2669 praemiserat,
910 2571 1145 2669 Campaniam
1175 2569 1262 2646 sub·

195 2685 297 2779 inde,
323 2700 362 2758 ut
384 2685 478 2758 inter
502 2708 565 2758 eos
587 2695 824 2776 convenerat,
849 2687 1084 2784 ingressurus.
1112 2691 1157 2759 Et
1177 2687 1259 2784 qui,

194 2800 302 2874 rebus
330 2803 380 2876 ita
405 2826 508 2874 secus
528 2825 571 2873 ac
593 2817 690 2873 ratus
708 2800 822 2874 luerat
838 2800 1159 2901 percurrentibus¹‚
1177 2827 1262 2876 cum

195 2920 437 2993 necessarium
464 2919 570 2991 ctiam
595 2917 662 2990 sibi
688 2916 764 2989 fore
789 2917 956 3009 viderct'‚
984 2944 1048 3018 spe
1069 2920 1190 2992 auxilii
1215 2917 1262 2992 ab

197 3038 320 3136 Auglia
338 3036 586 3136 consequendi
605 3034 796 3128 destituto,
819 3061 841 3110 a
857 3049 982 3132 treuga
1001 3060 1086 3109 cum
1105 3041 1262 3110 Franco·

197 3157 278 3228 ru'm
299 3180 380 3253 rege
401 3179 477 3226 non
494 3152 644 3246 secludi,
659 3177 697 3224 sc
713 3151 910 3251 prudenter
922 3176 965 3226 ac
979 3153 1158 3252 sapienter
1175 3153 1260 3251 egit,

197 3287 238 3345 ut
253 3273 387 3345 scilicet
401 3272 509 3344 etiam
524 3269 609 3342 belli
627 3267 894 3367 intercapedine
911 3295 994 3342 cum
1013 3271 1093 3369 ipso
1109 3273 1263 3342 Franco-

196 3413 278 3461 rum
296 3412 380 3486 rege
408 3387 597 3486 potiretur.
620 3389 708 3474 Quae
728 3410 803 3457 non
822 3385 934 3458 modo
955 3383 1024 3458 sibi
1044 3387 1260 3478 necessaria,

196 3505 448 3578 verumetiam
467 3501 561 3574 utilis
577 3525 652 3573 non
672 3500 856 3574 modicum
872 3503 1015 3576 exstitit.
1049 3557 1052 3576 .

245 3623 337 3694 Cum
357 3621 476 3710 enim,
501 3614 776 3690 decurrentibus
798 3619 928 3714 treugis
949 3618 1148 3718 praedictiS,
1173 3641 1263 3717 quas

196 3738 291 3810 inter
304 3761 341 3810 se
354 3739 424 3828 ,ut
440 3735 617 3826 diximus,
638 3734 849 3832 pepigerant
871 3758 995 3832 reges,
1021 3759 1089 3808 nec
1105 3735 1259 3826 solatia,

197 3879 264 3926 nec
274 3853 404 3928 auxilia
419 3851 465 3926 ab
487 3849 685 3950 Anglorum
697 3873 779 3946 rege
801 3848 1040 3952 obtinuisset(
1055 3850 1157 3949 cujus
1172 3845 1263 3922 sub-

237 4090 267 4148 l.
289 4089 429 4166 Perruptr
443 4083 516 4144 dans
531 4083 629 4144 letus.

237 4179 268 4236 2.
289 4173 525 4238 Pracurmntibus
538 4173 610 4234 dans
623 4172 651 4232 le
665 4190 719 4232 ms.

209 4299 211 4309 ι
239 4269 268 4325 3.
292 4264 316 4324 Il
329 4283 455 4342 manque
470 4262 597 4341 quelque
610 4261 699 4321 chose
712 4258 786 4324 daus
801 4260 830 4322 la
843 4260 949 4341 phrase
962 4277 1038 4340 pour
1054 4258 1213 4339 eompldter
1230 4279 1263 4317 oe

198 4353 330 4414 membre
344 4367 372 4414 et
386 4354 414 4413 le
428 4353 573 4413 rattaeher
588 4371 627 4412 au
639 4351 764 4412 suivant.
815 4417 818 4422 ,
