3322 5172
374 555 432 614 ns
486 550 744 612 msronnnuu
763 549 940 608 eunoun
959 549 1002 608 x1
1022 549 1132 609 noun
1152 552 1327 624 oumrus.

422 689 476 760 De
494 682 700 758 strenuitate
720 681 813 779 ejus,
835 679 924 754 nibil
945 695 997 754 est
1020 679 1135 776 unde,
1158 697 1257 755 recto
1275 681 1430 780 judicio,

373 827 504 901 magna
517 802 595 876 laus
613 799 680 874 sibi
695 796 886 872 tribuenda
901 796 1065 874 videatur
1071 828 1084 893 ,ς
1104 822 1191 871 nam
1202 798 1249 872 de
1265 798 1433 874 omnibus

372 945 473 1022 paene
491 914 795 1017 expeditionibus,
814 938 903 1012 quas
920 912 1088 988 adversus
1102 915 1224 988 hostes
1239 915 1430 1008 conduxit,

372 1040 433 1111 vix
454 1021 560 1125 alias,
588 1057 698 1132 quam
725 1056 789 1132 per
810 1045 953 1128 turpem
976 1044 1013 1104 et
1034 1031 1206 1107 infamem
1236 1032 1357 1130 fugam
1385 1033 1432 1106 ab

254 1225 256 1229 ,
374 1153 600 1241 obsessione,
633 1173 700 1220 nec
729 1147 797 1219 nisi
825 1170 908 1220 eum
931 1145 1092 1246 plurimo
1123 1147 1179 1219 sui
1211 1173 1433 1246 suorumque

342 1259 345 1270 ’
373 1267 528 1359 damno,
556 1266 598 1354 in
622 1263 769 1362 propria
793 1285 830 1332 se
854 1263 1002 1360 recepit.
1030 1264 1257 1334 Attestantur‘
1271 1262 1358 1337 huie
1381 1266 1433 1338 rei

374 1383 580 1456 obsidiones
603 1402 691 1476 quas
714 1377 917 1468 attentavit,
938 1378 1056 1476 primo
1077 1392 1202 1450 eontra
1218 1377 1430 1476 Ambianos,

373 1496 532 1571 secundo
567 1509 694 1568 contra
721 1494 930 1586 Belvacum,
961 1493 1065 1567 tertio
1094 1508 1222 1566 eontra
1247 1496 1430 1590 Nussiam,

373 1627 502 1712 quarto
518 1625 643 1685 contra
661 1606 875 1709 oppidulum
891 1612 1030 1701 Morat,
1049 1623 1089 1680 ut
1104 1607 1229 1682 sileam
1245 1609 1292 1682 de
1308 1609 1434 1686 ultima

373 1728 561 1820 obsidione
583 1726 631 1800 ad
654 1731 877 1822 Nanceyum3
901 1718 947 1795 de
969 1722 1099 1822 quibus
1124 1725 1313 1816 omnibus,
1337 1725 1435 1800 velut

373 1871 432 1922 resv
443 1860 576 1918 temere
585 1858 692 1942 atque
703 1838 902 1914 inconsulte
911 1864 1107 1938 aggressus,
1119 1840 1208 1913 nihil
1218 1841 1431 1941 aliudquam

373 1952 608 2060 ignominiam
622 1983 705 2031 eum
716 1955 858 2028 damnis
870 1980 971 2055 paene
984 1955 1183 2030 innumeris
1196 1971 1232 2030 et
1244 1957 1433 2032 inaestima-

372 2079 503 2153 bilibus
520 2075 728 2175 reportavit.
748 2077 801 2144 Ex
815 2097 890 2170 quo
908 2073 991 2146 satis
1008 2073 1260 2173 apparet'boni
1276 2089 1313 2147 et
1330 2075 1434 2174 periti

373 2192 474 2266 ducis
494 2214 578 2264 eum
601 2188 720 2262 officio
743 2188 915 2282 caruisse,
941 2189 1091 2286 inquo,
1113 2205 1155 2262 ut
1176 2189 1434 2288 sapientissime

373 2308 477 2380 divus
503 2311 678 2404 Augustus
703 2305 823 2378 dicere
851 2304 977 2378 solitus
1002 2320 1095 2399 erat,
1126 2304 1434 2405 quemadmodum

372 2423 595 2524 Tranquillus
618 2420 711 2496 libro
730 2425 759 2492 ll
784 2421 830 2493 de
855 2419 1049 2494 Caesaribus
1071 2419 1205 2492 refert:
1227 2419 1360 2493 «Nihil
1380 2435 1434 2493 est

374 2540 551 2615 vitabilius
571 2565 638 2613 nec
662 2536 814 2640 amplius
834 2535 1036 2610 cavendum
1056 2560 1167 2636 quam
1184 2535 1392 2609 temeritas¹.
1412 2565 1431 2603 r

373 2657 494 2730 Audax
515 2657 621 2754 igitur
641 2654 788 2728 fortasse
811 2651 1036 2748 crudelisque
1055 2653 1093 2724 in
1110 2652 1287 2752 supplices
1303 2650 1350 2724 ab
1367 2649 1434 2724 ali—

373 2796 446 2870 quo
474 2773 581 2846 fuisse
606 2771 696 2863 dici,
726 2769 828 2842 fortis
850 2792 936 2846 vero
960 2767 1016 2840 vel
1041 2783 1206 2843 strenuus
1232 2767 1434 2842 nullatenus

372 2902 504 2988 potest.
1218 2973 1222 2982 ,

423 3002 521 3092 Quid
551 3027 637 3076 vero
665 3028 727 3098 eo,
756 3000 868 3074 modo
892 3023 966 3098 quo
993 2998 1165 3094 diximus,
1192 3002 1265 3072 vita
1289 2999 1430 3092 functo,

373 3136 497 3220 postea
521 3119 750 3194 subsecutum
776 3120 895 3214 fuerit,
921 3117 967 3191 ab
991 3117 1135 3192 alterius
1156 3115 1238 3190 libri
1260 3119 1434 3216 quoniam

373 3238 644 3311 convenientius
657 3236 949 3336 prosequendum
960 3236 1027 3309 erit
1039 3233 1201 3334 exordio,
1218 3235 1434 3310 convenien-

374 3367 427 3423 ter
443 3351 576 3424 librum
597 3351 749 3423 huncio
769 3351 842 3423 hoc
859 3352 1019 3426 infauste
1040 3353 1165 3425 mortis
1185 3352 1262 3452 ejus
1282 3349 1432 3425 articulo

373 3467 592 3542 claudemus.

412 3680 443 3738 f.
466 3673 645 3756 Paraphrase
657 3675 693 3736 de
707 3696 739 3736 ce
755 3694 875 3758 passage
888 3676 925 3737 de
936 3663 1062 3738 Suetone
1075 3681 1175 3759 (Aug,
1190 3699 1216 3739 c.
1233 3679 1284 3752 25)
1300 3699 1307 3735 :
1326 3701 1341 3730 ι
1354 3675 1433 3737 Nihii

372 3775 468 3828 autem
482 3766 577 3827 minus
589 3766 620 3825 in
634 3767 760 3856 perfeeto
774 3765 864 3838 duce,
886 3787 974 3846 quam
997 3767 1206 3828 festinationem
1223 3767 1433 3828 temeritatem-

373 3877 447 3936 que,
463 3857 619 3920 convenire
631 3856 835 3918 arbitrabatur.
856 3883 870 3912 s
1348 3867 1352 3886 ¹

709 4157 838 4196 exemere
858 4157 981 4206 oriturus
1001 4158 1092 4199 uruat.
