3272 5182
341 470 400 528 101
615 435 1132 526 01010111101110001101111

343 613 452 689 ratas,
472 598 567 668 cives
587 597 698 693 aliqui
717 597 847 669 servati
867 593 951 666 duci
974 591 1270 690 Burgundionum
1288 604 1421 663 osten·

343 714 493 807 derunt,
519 714 564 788 de
585 715 706 787 multis
726 730 762 786 et
781 713 919 809 magnis
935 708 1256 810 pollicitationibus
1272 705 1422 780 eisdem

345 831 446 903 factis
463 855 528 930 per
543 856 677 929 regem,
696 829 828 928 quibus
842 854 879 900 se
895 826 941 900 ad
956 851 1082 898 00111111
1096 825 1287 898 tuitionem
1301 838 1422 921 atque

303 967 305 976 ’
344 945 592 1020 defensionem
625 947 820 1019 arctissime
851 941 1113 1039 adstringebat3
1146 967 1235 1040 quas
1264 956 1418 1028 tamen,

329 1063 457 1158 ,modo
474 1089 584 1162 quem
601 1053 848 1162 praemisimus,
877 1085 986 1159 opere
1006 1059 1229 1158 adimplevit.
1254 1062 1322 1130 Pro
1339 1082 1421 1155 qua

345 1205 385 1252 re
401 1205 478 1272 non
496 1179 629 1268 mod0,
648 1203 727 1277 quae
743 1178 918 1266 diximus,
941 1175 1075 1276 probra
1092 1175 1138 1248 ab
1154 1176 1240 1273 ipsis
1256 1174 1417 1264 civibus,

346 1295 409 1368 sed
434 1321 476 1368 ea
497 1295 544 1368 ab
568 1295 715 1368 infinitis
737 1294 847 1367 ferme
869 1294 970 1390 regni
994 1294 1051 1364 sui
1071 1292 1203 1364 accolis
1223 1289 1419 1366 maledicta

346 1412 554 1510 reportavit.

397 1533 590 1628 Postquam
618 1543 739 1602 autem
768 1533 989 1600 Francorum
1016 1552 1078 1600 rex
1099 1527 1149 1600 ita
1176 1525 1413 1621 abscesserat,

347 1645 645 1741 Burgundionum
655 1644 742 1734 dux,
756 1644 893 1716 cautius
904 1669 1103 1743 praecavere
1112 1667 1243 1716 curans
1254 1669 1363 1741 quam
1375 1646 1415 1716 in

348 1760 506 1834 Dinanto
531 1762 663 1834 lactum
679 1761 885 1852 exstitisset,
911 1785 956 1832 ne
972 1759 1127 1832 ecclesiae
1146 1774 1182 1832 et
1200 1761 1416 1833 monasteria

276 1921 278 1933 .
348 1891 547 1972 caeteraque
573 1876 652 1947 loca
678 1899 779 1948 sacra
803 1888 839 1945 et
862 1879 938 1946 Deo
964 1873 1081 1946 dicata
1105 1875 1291 1946 communi
1315 1875 1416 1960 urbis

348 1991 616 2064 innecterentur
640 2006 747 2089 atque
777 1989 1057 2062 obvolverentur
1086 1989 1274 2081 incendio,
1301 1991 1415 2090 pluri-

350 2133 426 2180 mas
447 2107 540 2181 aedes
564 2108 697 2179 civium
719 2108 953 2180 circumcirca
973 2108 1141 2181 ecclesias
1162 2122 1199 2179 et
1214 2132 1316 2181 sacra
1334 2110 1418 2183 loca

350 2224 444 2297 dirui
465 2239 573 2322 atque
595 2222 762 2296 demoliri
787 2222 892 2314 lecit,
918 2223 1049 2296 relictis
1066 2224 1327 2297 canonicorum
1348 2225 1417 2298 do-

350 2339 490 2432 mibus,
515 2341 741 2412 sacerdotum
757 2333 799 2412 ac
814 2339 1084 2436 religiosorum,
1107 2365 1192 2412 cum
1207 2339 1344 2414 aedibus
1359 2365 1419 2415 sa·

352 2459 438 2549 cris,
457 2484 553 2556 quae,
573 2457 602 2530 si
623 2457 726 2528 simul
746 2481 873 2529 omnes
889 2458 982 2529 intra
999 2457 1132 2530 moenia
1148 2457 1270 2554 aliqua
1285 2473 1419 2530 coactae
1456 2482 1462 2502 ⁴

351 2591 483 2666 essent,
497 2601 571 2648 non
584 2599 732 2673 parvam
748 2573 930 2647 efficerent
942 2574 1133 2646 civitatem.
1150 2578 1284 2646 Caetera
1295 2591 1415 2648 autem

352 2690 451 2764 urbis
478 2692 628 2766 aedificia
658 2692 733 2788 igni
765 2689 972 2790 populanda
1007 2688 1164 2786 reliquit.
1198 2691 1416 2789 Pertulitque

352 2805 603 2904 hujuscemodi
620 2806 759 2878 cladem
781 2807 859 2905 ipsa
874 2806 997 2877 civitas
1021 2805 1070 2877 ob
1089 2806 1267 2903 insignem
1286 2808 1417 2879 civium

352 2949 503 2997 suorum
519 2923 720 3024 perfidiam;
737 2923 818 3021 qui,
840 2947 906 2994 nec
923 2922 1120 3022 promissis,
1139 2948 1206 2995 uec
1222 2924 1348 2997 litteris
1362 2923 1419 2996 vel

353 3039 496 3137 sigillis,
525 3063 589 3110 seu
613 3037 865 3128 sacramentis,
897 3061 1016 3133 neque
1037 3038 1145 3110 etiam
1163 3035 1352 3111 obsidibus
1370 3038 1418 3110 ab

354 3157 404 3228 eis
427 3157 598 3255 receptis,
617 3154 816 3252 dirutisque
839 3153 1021 3226 moenibus
1038 3170 1075 3229 et
1090 3156 1198 3229 armis
1221 3157 1294 3230 suis
1315 3156 1420 3231 abla-

354 3273 421 3367 tis,
440 3272 508 3345 sub
526 3271 615 3366 fide,
633 3272 670 3343 in
685 3295 773 3369 pace
789 3285 825 3342 et
841 3271 1096 3368 tranquillitate
1108 3328 1117 3365 ,
1129 3271 1270 3358 ,servari
1286 3289 1322 3346 et
1338 3275 1420 3347 reti·

355 3395 432 3466 neri
456 3408 650 3493 potuerant
674 3393 789 3492 quin,
815 3418 957 3492 semper
981 3392 1073 3468 suria
1087 3409 1123 3467 et
1140 3394 1240 3468 rabie
1260 3397 1416 3492 invecti,

355 3509 525 3582 omnibus
552 3509 711 3583 finitimis
743 3511 891 3582 exitium
927 3511 1152 3583 minarentur
1185 3540 1193 3583 :
1222 3512 1321 3610 justo
1353 3513 1421 3585 Dei

351 3627 488 3725 judicio
510 3625 698 3726 [damnati]
715 3627 762 3699 ad
778 3627 1028 3727 perferendam
1046 3629 1266 3728 reciprocam
1283 3629 1419 3702 confla·

355 3746 525 3844 grationis
541 3761 577 3817 et
594 3744 844 3818 incendiorum
860 3746 995 3836 vicem,
1025 3769 1113 3842 quas
1134 3746 1369 3820 conterminis
1385 3760 1420 3818 et

354 3862 481 3936 vicinis
505 3863 578 3935 suis
594 3875 741 3962 perante
757 3853 987 3957 injustissime
1003 3862 1215 3953 intulerant,
1240 3889 1326 3936 cum
1344 3863 1420 3961 jam

355 4005 482 4054 eorum
504 3977 672 4053 curanda
693 3977 977 4077 cohibendaeque
995 3979 1140 4054 insaniae
1160 3981 1301 4056 nullum
1322 3979 1419 4056 aliud

355 4085 607 4172 medicamenti
623 4119 736 4193 genus
749 4119 932 4194 superesse
949 4094 1139 4170 videretur.

407 4219 447 4285 111
469 4239 543 4312 quo
569 4211 732 4313 prolecto
757 4209 948 4283 illustrium
967 4212 1173 4313 principum
1193 4213 1418 4312 Burgundio·
