3272 5182
691 353 698 392 t

646 464 751 520 LIBER
771 463 935 520 TERTIUS.

621 728 876 799 CAPITULUM
902 731 961 798 Xl.

280 929 318 980 De
333 928 416 982 altero
428 930 520 1001 prelio
532 930 605 1003 apud
621 929 750 994 Tewsberi,
764 930 792 982 in
807 948 861 1000 quo
876 931 1002 984 occubuit
1017 930 1304 1000 dominusEdoardus,

558 1010 682 1082 princeps
692 1011 813 1076 Walliae,
827 1028 889 1062 cum
901 1011 991 1064 multis
1001 1011 1020 1064 ¹.

309 1181 453 1255 Audiuit
478 1183 655 1282 siquidem
674 1184 875 1276 Edoardus,
896 1211 967 1257 xvr.
1000 1185 1161 1283 ejusdem
1192 1191 1323 1262 mensis

261 1298 349 1387 die¹,
369 1323 410 1370 ex
429 1299 543 1372 Gallia
567 1299 755 1373 dominam
774 1306 1019 1398 Margaretam,
1038 1305 1183 1375 Henrici
1197 1307 1323 1404 eonju-

260 1441 354 1514 gem,
375 1442 459 1488 cum
476 1417 658 1509 Eduardo,
684 1418 758 1491 filio
777 1419 984 1512 su0,dicto
1005 1422 1168 1521 principe
1185 1424 1323 1496 Walliae

260 1531 362 1624 (cum
377 1557 451 1630 quo
467 1536 677 1632 praeclarum
691 1533 792 1620 illud,
813 1534 858 1606 de
872 1561 946 1632 quo
957 1561 1066 1634 supra
1078 1539 1320 1634 meminimus,

259 1647 373 1722 foedus
391 1654 610 1722 Francorum
626 1677 686 1724 rex
698 1651 911 1751 copularat),
930 1652 1152 1724 descendisse
1162 1670 1197 1726 et
1211 1680 1324 1754 appu-

257 1765 338 1837 lisse
355 1765 392 1836 in
412 1765 590 1862 Angliam,
606 1793 729 1839 versus
746 1782 862 1866 partes
878 1767 1118 1840 occidentales
1126 1772 1150 1858 ⁸,
1181 1769 1217 1840 in
1241 1771 1322 1867 qui-

258 1880 326 1952 bus
337 1881 577 1981 plurimorum
590 1908 780 1980 procerum
794 1882 972 1954 nobilium
983 1897 1089 1980 atque
1101 1884 1322 1982 populorum

257 1995 395 2068 favores
411 1999 610 2096 praecipuos
627 2012 733 2096 atque
750 1999 880 2071 auxilia
896 1997 1120 2092 invenieha13
1148 1999 1322 2098 quodque

257 2113 450 2209 trajecisset
468 2115 595 2188 eadem
611 2119 733 2214 regina
750 2117 796 2190 ad
808 2118 987 2190 civitatem
1004 2119 1269 2192 Oxouienscm‘
1286 2136 1322 2193 et

257 2247 377 2330 partes
391 2231 482 2324 ilias,
501 2234 562 2305 ubi
574 2235 730 2333 partium
747 2235 863 2306 mariti
880 2236 935 2306 sui
953 2248 989 2306 et
999 2235 1140 2308 comitis
1154 2235 1200 2308 de
1216 2241 1320 2308 War-

257 2349 333 2420 viclr
350 2350 566 2446 agnoscebat
576 2376 651 2422 esse
666 2351 880 2450 pertinacius
897 2349 1117 2426 defensores.

305 2465 444 2554 Quibus
453 2465 561 2538 rebus
571 2467 699 2539 auditis
709 2481 744 2538 et
752 2465 948 2556 intellectis,
962 2467 1037 2564 ipse
1047 2493 1106 2538 rex
1116 2468 1316 2561 Edoardus,

255 2582 331 2680 qui,
351 2597 433 2683 post
449 2583 636 2654 victoriam
647 2581 877 2683 praedictam,
906 2607 945 2652 se
970 2581 1174 2656 Londonias
1192 2599 1320 2657 contu·

254 2695 354 2786 ierat,
375 2699 503 2769 iterum
523 2722 605 2770 xxu.
633 2698 691 2769 die
716 2696 876 2794 ejusdem
892 2695 1037 2786 mensis,
1057 2711 1140 2769 octo
1156 2697 1321 2771 videlicet

255 2811 428 2887 duntaxat
453 2839 475 2886 a
498 2814 619 2913 priore
641 2813 762 2913 praelio
789 2812 918 2894 diebus
942 2815 1089 2903 exactis,
1125 2815 1318 2886 exercitum

255 2956 360 3002 suum
388 2930 434 3000 ad
459 2955 607 3030 campos
632 2929 792 3000 adduxit.
813 2927 964 3002 Videbat
987 2927 1084 2999 enim
1107 2951 1235 3026 parum
1251 2930 1317 3002 sibi

254 3070 330 3117 esse
353 3045 452 3142 quod
474 3048 528 3118 sui
552 3044 777 3144 perfidissimi
794 3043 987 3143 proditoris
1011 3043 1179 3116 Warur'clr
1203 3046 1318 3117 victor

255 3162 452 3262 exstitisset,
472 3163 540 3233 uisi
562 3163 669 3234 etiam
694 3161 864 3234 adversus
885 3162 978 3234 hanc
994 3161 1155 3259 reginam
1170 3161 1317 3260 ejusque

255 3276 387 3368 filium,
412 3279 457 3350 ad
482 3303 573 3376 quos
597 3278 755 3376 plurium
771 3279 883 3350 animi
901 3276 1130 3369 ferebantur,
1161 3293 1196 3348 et
1212 3276 1319 3377 longe

255 3394 399 3491 majoris
425 3395 535 3492 partis
561 3395 674 3491 regni,
694 3408 767 3467 tam
788 3395 823 3465 in
848 3394 993 3466 Henrici
1015 3416 1124 3490 quam
1152 3395 1319 3466 Warviclz

254 3510 458 3607 interempti
475 3509 651 3602 savorem,
671 3509 802 3606 quibus
821 3510 952 3580 mirum
969 3509 1004 3579 iu
1027 3507 1177 3580 modum
1193 3508 1316 3608 plures

254 3623 512 3716 afficiebantur,
534 3623 630 3697 bello
647 3625 856 3716 decertaret,
880 3625 1044 3722 viresque
1066 3624 1142 3720 ejus
1159 3649 1318 3695 suarum·

254 3766 324 3839 que
354 3742 510 3815 fautores
544 3742 699 3841 partium
733 3741 951 3840 opprimeret
991 3755 1096 3839 atque
1134 3739 1312 3836 dejiceret.

294 3940 321 3993 t.
345 3936 480 4016 Chapitre
495 3936 549 3995 tire
565 3935 601 3994 de
615 3936 644 3995 ia
659 3938 752 3994 meme
765 3953 867 3994 source
879 3955 937 4014 que
951 3935 978 3995 le
992 3935 1159 4015 precedent.

293 4031 321 4086 2.
346 4031 386 4086 Le
402 4030 440 4085 16
457 4025 531 4086 avril
546 4028 635 4087 tt'tt.

295 4121 323 4177 3.
350 4144 363 4170 ιι
378 4121 425 4175 Au
438 4135 510 4195 pays
523 4114 560 4174 de
572 4117 664 4189 West,
684 4143 697 4167 »
712 4114 783 4173 dans
798 4113 825 4170 la
842 4112 964 4172 relation
978 4133 1015 4172 en
1032 4111 1165 4191 franceis.

294 4211 323 4266 t.
346 4205 479 4284 Corrigez
496 4209 702 4292 Eretriensem.
720 4231 734 4257 ι
748 4210 773 4262 Α
786 4203 815 4262 ia
828 4203 883 4263 citt
896 4203 932 4262 de
946 4207 1092 4262 Excestre.
1108 4227 1121 4252 ι
1137 4201 1213 4261 Ibtd.
