3322 5172
597 565 705 622 nram
731 567 903 638 oururus.
1229 569 1285 623 ars

225 718 305 796 gem
323 695 509 770 habebat¹.
535 697 711 770 affluebat
737 721 907 796 generosa
931 698 1049 796 prole;
1077 697 1206 770 divitiis
1227 722 1285 770 su·

224 837 445 912 praomnes,
464 814 621 910 quitum
643 815 680 885 in
704 813 819 887 Gallia
843 828 965 906 erant,
991 813 1176 886 abundare
1193 813 1286 887 lama

224 929 466 1025 vulgatissima
487 928 677 1002 ferebatur.
705 935 869 1003 Honores
891 954 975 1002 vero
997 929 1151 1026 majores
1179 945 1286 1028 atque

224 1045 413 1142 ampliores
423 1046 603 1116 neminem
613 1047 752 1143 assequi
766 1070 869 1144 posse
880 1046 917 1116 in
928 1069 1038 1141 regno
1053 1051 1284 1134 Francorum,

224 1182 333 1256 quam
352 1183 444 1256 quos
461 1158 528 1230 sibi
547 1183 608 1230 rex
625 1159 814 1250 detulerat,
831 1156 987 1231 dubitari
1006 1184 1079 1232 non
1091 1159 1209 1250 debet,
1224 1160 1286 1256 qui

225 1274 332 1346 totius
357 1273 489 1347 militiae
514 1277 613 1370 regni
638 1275 784 1348 ducatui
811 1276 1023 1374 praepositus
1050 1275 1182 1364 luerat,
1207 1299 1287 1372 quae

224 1405 371 1491 propter
391 1393 509 1464 varios
526 1391 704 1465 bellorum
722 1391 884 1466 turbines
909 1417 951 1466 ac
969 1394 1189 1492 suspiciones
1210 1408 1286 1466 tum

225 1521 260 1578 et
278 1508 433 1580 maxima
457 1522 491 1579 et
513 1509 761 1607 potentissima
777 1522 863 1580 erat.
884 1510 1036 1596 Quantis
1054 1534 1141 1582 vero
1159 1509 1287 1582 annuis

223 1645 246 1694 a
273 1646 354 1718 rege
380 1622 634 1720 pensionibus,
660 1637 696 1696 et
722 1623 905 1695 civitatum
935 1637 1042 1721 atque
1068 1623 1287 1722 oppidorum

224 1739 411 1830 custodiis,
431 1763 473 1812 ac
496 1740 602 1812 variis
625 1738 835 1812 muneribus
851 1753 887 1811 et
903 1738 1062 1812 donariis
1088 1738 1286 1812 honoratus

224 1869 327 1947 esset,
346 1879 421 1926 non
436 1870 488 1928 est
502 1855 602 1927 tacite
616 1879 796 1928 enarrare.
815 1855 919 1951 Atqui
934 1856 1040 1926 tantis
1057 1869 1092 1926 et
1106 1852 1235 1952 opibus
1251 1867 1287 1925 et

223 1969 423 2047 bonoribus
439 1995 522 2044 cum
539 1971 724 2044 abundare
740 1970 985 2060 aestimaretur,
997 1970 1103 2069 inops
1116 1983 1234 2041 tamen
1252 1984 1288 2040 et

220 2087 349 2184 jugiter
362 2086 409 2160 ad
426 2087 601 2184 ampliora
617 2085 771 2178 inhians,
790 2100 944 2183 egestate
956 2087 1075 2185 potius
1089 2100 1123 2158 et
1138 2084 1286 2183 penuria

224 2225 300 2274 sese
323 2201 451 2299 affligi,
468 2225 577 2297 quam
594 2215 648 2272 tot
665 2202 841 2298 congestis
857 2200 986 2300 opibus
1003 2217 1111 2298 atque
1128 2199 1285 2271 honori·
1310 2217 1311 2220 ’

224 2315 292 2389 bus
308 2318 387 2389 vitae
397 2315 644 2390 sufficientiam
658 2331 861 2394 assecutum
877 2315 1076 2414 reputabat.

273 2437 334 2504 Est
348 2434 445 2504 enim
461 2434 607 2508 avaritia
621 2447 657 2506 et
669 2433 866 2533 cupiditas,
887 2445 926 2503 ut
946 2431 1125 2527 eleganter
1141 2432 1286 2529 Crispus

224 2549 289 2640 ait,
315 2573 456 2649 semper
475 2550 631 2647 infinita,
658 2563 800 2650 semper
824 2549 1052 2639 insatiabilis,
1072 2565 1107 2621 et
1123 2573 1201 2647 quae
1219 2573 1285 2621 nec

224 2667 345 2764 copia,
365 2692 432 2740 nec
448 2669 569 2767 inopia
582 2669 768 2741 minuitur.
787 2666 891 2739 Unde
908 2668 1119 2754 rectissime,
1143 2681 1183 2737 ut
1204 2666 1285 2737 Hie-

223 2808 396 2880 ronymus
409 2785 536 2881 inquit,
550 2800 669 2857 vetere
683 2782 875 2884 proverbio
887 2782 933 2854 de
945 2807 1053 2854 avaro
1068 2782 1281 2871 dictumest,

223 2899 255 2970 ei
272 2913 345 2970 tam
363 2898 485 2974 deesse
500 2899 600 2997 quod
615 2899 743 2992 habet,
763 2923 871 2997 quam
889 2896 989 2996 quod
1006 2896 1217 2970 nonhabet.

272 3015 368 3103 Quid
394 3040 481 3087 vero
504 3041 595 3115 opus
615 3016 729 3090 luerat
755 3016 840 3088 huic
861 3016 959 3103 viro,
982 3015 1042 3112 qui
1068 3027 1121 3085 tot
1143 3036 1284 3085 annuos

223 3155 370 3224 census,
390 3145 444 3203 tot
461 3131 664 3227 vectigalia,
684 3146 738 3204 tot
755 3133 895 3231 opimas
910 3145 1022 3202 terras
1043 3144 1149 3227 atque
1166 3129 1284 3200 domi-

223 3248 283 3320 nia
298 3246 472 3340 babebat,
487 3261 648 3321 totarces
659 3247 878 3320 firmissimas
892 3263 999 3345 atque
1015 3246 1107 3318 aedes
1120 3246 1283 3317 omnium
1302 3284 1308 3312 t

222 3362 405 3437 bonorum
431 3364 611 3438 affluentia
640 3378 692 3455 et,
713 3389 793 3463 quae
812 3364 1005 3460 excogitari
1026 3376 1196 3462 possunt,
1223 3385 1283 3434 va·

222 3481 282 3553 riis
296 3479 564 3553 oblectamentis
580 3479 748 3570 refertas,
779 3480 834 3552 his
854 3479 1024 3552 omnibus
1041 3480 1138 3551 velut
1156 3476 1285 3550 relictis

223 3610 258 3668 et
269 3596 449 3693 neglectis,
464 3595 600 3669 ambire
616 3595 704 3667 illud
718 3595 927 3694 primarium
944 3598 1053 3668 totius
1066 3597 1165 3693 regni
1179 3601 1285 3668 Fran-

223 3736 350 3785 corum
368 3713 501 3784 militiae
521 3712 784 3809 magisterium,
809 3727 846 3784 et
869 3728 1017 3812 propter
1038 3713 1130 3806 hoc,
1155 3713 1285 3785 relictis

223 3831 382 3930 partibus
401 3831 712 3929 Burgundionum,
730 3829 792 3902 ubi
809 3855 950 3931 semper
961 3831 1188 3931 amplissimis
1200 3829 1282 3902 lun·

263 4040 292 4094 l.
315 4039 369 4094 Les
387 4033 465 4094 deux
484 4033 645 4113 prinoesses
671 4031 743 4091 dont
762 4031 886 4091 l'auteur
906 4033 1012 4093 entend
1034 4032 1131 4112 parler
1155 4032 1193 4091 ici
1220 4044 1285 4092 sont

222 4115 367 4184 Elisabeth
377 4122 523 4201 Wydvile,
535 4123 594 4183 fille
604 4122 640 4181 de
650 4120 714 4181 iord
727 4121 831 4182 Rivers
840 4134 869 4181 et
880 4123 916 4184 de
928 4122 1096 4202 Jacqueline
1107 4122 1144 4181 de
1159 4126 1285 4182 Luxem-

222 4211 328 4294 bourg,
343 4214 447 4272 femme
460 4202 626 4272 d'E'douard
643 4215 693 4283 IV,
709 4223 737 4270 et
754 4231 790 4270 en
809 4209 915 4272 second
932 4213 990 4271 lieu
1005 4211 1096 4271 Maris
1115 4210 1152 4270 de
1166 4210 1282 4285 Savoie,

222 4321 300 4361 soeur
314 4301 349 4362 de
363 4301 391 4361 la
404 4303 510 4362 femme
524 4303 561 4360 tle
574 4301 661 4360 Louis
674 4305 726 4360 XI.
