3014 5010
596 417 706 473 LIBER
723 417 873 475 PRIMUS.
1226 421 1263 476 tt

206 549 320 625 batim
340 547 569 621 ecclesiarum
592 546 759 646 praelatis,
779 571 825 618 ne
845 545 990 619 alicubi¹
1013 547 1105 619 seras
1128 548 1264 646 aliquas

206 666 330 740 venari
344 664 401 737 vel
417 663 531 737 lacere
550 664 672 752 venari
692 664 882 757 auderent,
903 688 1132 761 quocumque
1152 665 1263 738 modo

206 783 264 858 vel
283 782 398 855 forma
417 781 455 854 id
477 781 553 854 fieri
573 780 714 880 possit¹.
740 779 969 880 Praecipiebat
989 781 1075 852 item
1097 780 1265 853 omnibus

206 892 398 1003 praediolis,
421 899 484 998 qui
505 897 641 998 plagas,
667 898 754 970 retia
773 898 830 970 vel
850 899 997 994 laqueos
1019 922 1266 996 quoscumque

206 1015 411 1089 venatorios
436 1013 630 1099 baberent,
654 1025 831 1110 quatenus
856 1012 948 1085 inlra
964 1012 1040 1085 dies
1059 1013 1264 1111 quindecim

207 1144 289 1232 post
311 1130 591 1230 publicationem
610 1130 732 1222 edicti,
756 1129 903 1202 eosdem
924 1128 1103 1201 deferrent
1123 1155 1185 1202 seu
1204 1130 1265 1202 de·

207 1247 290 1320 lerri
312 1247 469 1320 lacerent
492 1246 538 1321 ad
562 1246 714 1320 ballivos
739 1247 813 1318 sive
838 1245 1051 1318 senescallos
1081 1245 1263 1338 locorum,

206 1362 282 1437 sub-
303 1363 431 1436 eadem
451 1388 524 1462 qua
544 1365 646 1462 prius
669 1384 820 1435 censura
840 1375 876 1433 et
892 1387 1012 1461 poena.
1032 1362 1173 1450 Quibus
1189 1362 1267 1435 bal·

206 1478 287 1553 livis
298 1494 409 1578 atque
420 1478 621 1553 senescallis
632 1475 884 1572 mandabatur,
898 1477 998 1576 quod
1013 1480 1135 1550 omnia
1148 1477 1268 1576 hujus·

207 1597 306 1671 modi
336 1597 428 1670 retia
448 1610 484 1667 et
506 1596 609 1667 lunes
636 1618 700 1666 seu
721 1593 869 1691 laqueos
888 1594 1071 1692 protinus,
1097 1610 1268 1693 tanquam

206 1709 392 1785 haereticos
406 1711 581 1809 relapsos,
600 1711 682 1809 igne
698 1712 927 1784 cremarent⁸.

252 1830 300 1898 Et
329 1850 376 1898 ne
403 1825 559 1900 fortassis
592 1828 764 1901 aestimare
793 1827 947 1900 ministri
979 1842 1015 1899 et
1047 1840 1270 1901 exsecutores

208 1939 417 2038 hujusmodi
431 1942 684 2016 mandatorum
700 1959 862 2043 possent,
882 1969 925 2017 ea
940 1968 1070 2043 pamm
1085 1944 1160 2042 regi
1176 1968 1270 2017 curae

208 2068 271 2129 aut
286 2080 361 2128 non
375 2056 446 2129 alte
459 2060 582 2131 animo
599 2084 666 2132 suo
682 2059 792 2132 infixa
808 2074 844 2130 et
859 2060 1030 2159 impressa
1045 2059 1135 2150 lore,
1154 2072 1191 2131 et
1205 2082 1271 2157 per

210 2171 284 2244 bec
301 2174 459 2247 mitiores
480 2176 536 2248 vel
554 2176 736 2272 segniores
756 2177 794 2248 in
813 2175 1026 2248 eorumdem
1043 2177 1271 2249 exsecutione

211 2294 454 2387 efficerentur,
473 2298 623 2395 ipsemet
639 2298 675 2367 in
693 2297 805 2368 domo
822 2296 1045 2370 honorabilis
1068 2298 1207 2370 domini
1226 2297 1272 2369 de

251 2489 279 2544 l.
304 2486 402 2542 Alieni
415 2483 485 2543 daus
498 2483 525 2542 le
542 2502 595 2543 ms.
616 2495 617 2498 ’

249 2576 278 2632 2.
301 2575 343 2631 Le
357 2585 432 2631 texte
448 2573 484 2632 de
500 2584 574 2631 cette
590 2570 776 2631 ordonnance
792 2569 939 2646 lamense,
954 2571 1005 2650 qui
1020 2570 1115 2651 paralt
1133 2571 1216 2631 avoir
1228 2574 1273 2633 dt&

210 2661 365 2741 rapportr'ee
385 2662 470 2739 apres
487 2661 515 2719 la
533 2680 638 2738 guerre
654 2659 693 2717 du
715 2658 782 2719 bien
799 2659 915 2737 public,
938 2664 986 2718 n'a
1005 2679 1057 2739 pas
1074 2660 1119 2718 dtr'e
1137 2661 1274 2722 retrouvi·

206 2752 366 2829 jusqu’ici3
387 2752 459 2809 mais
476 2751 496 2808 il
513 2771 533 2827 y
551 2770 568 2808 a
588 2768 629 2808 un
648 2749 707 2807 ddit
724 2748 762 2806 du
782 2753 814 2807 ll
837 2749 900 2822 juin
924 2751 1023 2822 stoa,
1044 2749 1138 2809 rendu
1160 2769 1217 2829 peu
1238 2750 1275 2809 de

210 2855 302 2919 temps
324 2841 430 2919 apres,
453 2839 504 2917 qui
530 2840 595 2897 leve
618 2838 645 2896 la
667 2839 844 2916 prohibition
865 2858 901 2897 en
925 2839 1027 2896 laveur
1046 2838 1098 2898 des
1117 2837 1219 2898 nobles
1235 2840 1275 2898 du

210 2929 381 3008 Daupbine,
399 2926 619 2986 anciennement
635 2927 755 2985 investis
768 2926 808 2985 du
824 2926 900 2985 droit
913 2925 950 2984 de
963 2927 1064 2986 chasse
1080 2941 1109 2986 et
1120 2928 1157 2986 de
1171 2928 1273 3006 peche,
1296 2926 1301 2933 ’

210 3030 239 3078 et
253 3019 330 3077 aussi
345 3038 382 3076 en
402 3019 504 3076 lareur
522 3017 559 3075 de
580 3028 673 3074 toutes
690 3016 733 3074 les
750 3030 846 3075 autres
866 3037 1023 3095 personnes
1039 3017 1077 3076 du
1094 3021 1189 3076 mdme
1205 3036 1276 3096 pays

210 3107 277 3185 qui,
298 3118 476 3185 moyennant
497 3107 630 3180 finance‚
646 3106 763 3165 avaient
779 3105 842 3178 joui
861 3126 915 3184 par
932 3106 960 3165 lc
980 3107 1062 3185 passd
1082 3107 1117 3165 de
1135 3105 1163 3165 la
1182 3111 1276 3166 mdme

209 3196 404 3276 prerogative.
423 3202 464 3255 Le
478 3195 663 3254 considerant
682 3194 718 3254 de
736 3208 810 3254 cette
826 3195 928 3253 saveur
941 3196 1010 3254 saite
1023 3216 1081 3254 oux
1097 3196 1277 3273 Doupbinois

211 3297 253 3344 est
266 3285 423 3365 singulier:
441 3286 511 3345 c'est
528 3311 542 3338 α
557 3306 631 3363 pour
645 3306 678 3345 ce
690 3289 757 3364 qu’d
773 3286 926 3344 l'occasion
940 3286 1082 3345 desdictes
1096 3285 1228 3345 desenses
1240 3286 1277 3346 de

211 3374 338 3450 cbasser,
360 3375 396 3433 ilz
416 3375 469 3450 (les
489 3376 681 3455 Duuplrinois)
703 3375 878 3436 deviennent
895 3377 1017 3453 oyseulx
1031 3390 1059 3435 et
1072 3396 1137 3436 sans
1150 3397 1277 3456 occupa-

210 3464 287 3525 tion.
305 3493 317 3517 υ
335 3469 547 3540 (Ordonaances
567 3471 616 3525 des
636 3470 691 3525 ruis
709 3471 745 3526 de
758 3473 884 3541 haece,
901 3481 921 3526 t.
938 3471 1021 3541 XVI,
1039 3489 1069 3546 p.
1088 3471 1129 3543 l.)
1144 3469 1277 3528 D’autres

210 3554 394 3632 exeeptions,
410 3556 482 3615 mais
499 3556 723 3630 individuelles,
741 3558 836 3616 iurent
849 3557 1004 3615 accorddes
1021 3558 1092 3616 dans
1106 3557 1135 3616 le
1148 3571 1222 3617 reste
1238 3557 1277 3617 du

211 3661 361 3719 royaume.
380 3645 472 3720 Ainsi,
488 3645 516 3703 lo
529 3648 568 3704 25
580 3645 696 3719 janvier
710 3649 807 3717 ltus,
827 3645 854 3704 le
869 3646 1005 3726 seigneur
1018 3644 1055 3705 de
1067 3646 1190 3723 llazilly,
1206 3646 1278 3704 dans

212 3732 240 3792 lc
250 3730 372 3791 cblteau
387 3732 495 3812 duquel
512 3734 539 3793 le
553 3735 597 3793 roi
611 3735 689 3793 avait
700 3734 836 3808 so'journd
850 3734 976 3812 quelque
991 3748 1095 3813 temps,
1110 3748 1192 3812 requt
1204 3754 1278 3813 pour

212 3821 253 3881 lui
267 3834 296 3882 et
308 3842 340 3880 sa
354 3823 505 3900 posterite,
525 3823 553 3882 le
570 3824 645 3882 droit
659 3823 695 3882 de
709 3824 826 3882 chasser
839 3824 866 3882 le
884 3824 963 3903 lapin
980 3828 996 3883 a
1012 3843 1117 3884 courre
1130 3837 1159 3883 et
1173 3826 1188 3882 d
1206 3823 1278 3882 lilets

215 3938 229 3965 s
247 3931 284 3971 en
302 3933 346 3972 ses
358 3913 485 3986 jardius,
500 3914 663 3973 couldroies
679 3927 708 3973 et
723 3927 949 3992 appartenances
963 3915 1003 3973 du
1017 3914 1152 3974 domaine
1168 3913 1205 3972 de
1218 3917 1279 3971 Ra·

213 3999 293 4080 zilly,
307 4028 320 4055 r
337 4003 409 4061 dans
422 4023 462 4062 un
477 4023 569 4084 rayon
579 4004 616 4063 de
628 4004 678 4062 dix
692 4023 797 4082 arpens
811 4017 917 4063 autour
928 4004 1010 4064 dudit
1020 4005 1143 4064 manoir.
1159 4009 1227 4063 Mss.
1242 4003 1278 4062 de

214 4093 242 4150 la
258 4092 332 4152 Bibl.
351 4092 423 4171 imp.
441 4095 590 4152 collection
603 4099 643 4154 D.
661 4098 816 4164 Housseau,
829 4108 851 4155 t.
867 4099 935 4170 ΧΠ,
948 4116 980 4156 n.
996 4097 1087 4154 7518.

205 4239 207 4243 Α
256 4186 284 4243 3.
298 4184 335 4243 Cs
336 4228 341 4239 .
353 4182 526 4254 Chastelain,
536 4183 726 4263 partie11,ch.
735 4189 980 4263 xxx1‚etJacques
988 4184 1244 4262 Duclercq,l.V,c.
1254 4204 1276 4244 r.
