3384 5184
585 527 701 585 umus
723 527 928 588 sncuuous.
994 593 999 604 .
1231 529 1285 588 ut

228 668 325 726 certa
341 651 454 726 affixis
478 667 513 726 et
533 654 786 753 pendentibus,
805 658 899 754 cingi
915 672 1083 757 poterant
1099 671 1210 730 castra
1226 658 1290 733 ha-

228 768 348 844 bentia
373 771 410 842 in
431 770 570 844 ambitu
593 774 747 871 spatium
767 774 924 846 duorum
946 774 1057 846 ferme
1084 773 1290 847 milliarium

216 886 409 990 italorum.
425 888 653 985 serpentinas
664 891 772 961 etiam
791 904 827 962 et
843 889 972 962 similes
990 890 1175 962 machinas
1190 888 1288 980 betti,

229 1027 314 1074 cum
328 1002 413 1073 fusis
429 1026 472 1073 ex
484 1003 577 1076 ferro
595 1004 774 1102 lapidibus
783 1009 805 1097 ¹,
826 1004 910 1078 cudi
926 1002 962 1078 et
976 1005 1053 1078 fieri
1068 1029 1168 1104 paene
1183 1007 1289 1077 innu-

232 1141 348 1190 meras
364 1116 526 1191 faciebat.
1199 1201 1205 1208 ,

279 1238 367 1322 Quae
380 1260 463 1306 cum
477 1236 773 1331 Burgundionum
783 1234 887 1335 legati
899 1238 1139 1333 agnovissent,
1158 1251 1194 1310 et
1209 1237 1289 1310 loco

231 1348 373 1428 foederis
385 1351 582 1447 conjugalis
593 1352 743 1424 ineundi
753 1352 839 1450 (pro
855 1377 927 1450 qua
939 1378 978 1424 rc
991 1378 1075 1424 cum
1091 1351 1290 1425 indubitata
1398 1341 1400 1344 ⁵

231 1491 332 1566 paenc
347 1493 410 1566 spe
425 1467 522 1540 missi
540 1467 695 1564 fuerant)
707 1493 781 1540 non
796 1469 891 1541 aliud
908 1493 1018 1566 quam
1035 1469 1168 1567 probra
1185 1484 1292 1566 atque

232 1584 347 1656 minas
376 1593 602 1681 terroresque
634 1609 816 1660 armorum
844 1585 1085 1676 invenissent,
1117 1610 1200 1656 curn
1231 1583 1292 1657 tati

232 1698 456 1798 expeditione
473 1699 521 1771 ad
544 1702 689 1798 propria
712 1700 912 1788 redierunt,
936 1715 971 1772 et
991 1701 1207 1790 Dinantum,
1231 1700 1291 1772 ubi

231 1830 334 1888 erant
345 1815 381 1886 in
393 1814 584 1888 obsidione
594 1817 771 1914 principes
780 1817 945 1907 illustres,
964 1815 1158 1914 Phiiippus,
1175 1829 1289 1913 pater,

234 1947 268 2004 et
281 1923 356 2029 ejus
370 1931 477 2020 silius,
492 1955 599 2030 aquo
615 1934 713 2004 missi
730 1933 881 2026 fuerant,
898 1935 1093 2016 venientes,
1113 1957 1192 2030 quae
1208 1933 1292 2029 egis-
1323 1955 1326 1963 ’

233 2061 328 2138 sent,
348 2046 541 2118 audiissent
556 2062 665 2146 atque
682 2047 852 2122 vidissent
875 2049 1084 2120 retulerunt.

283 2168 477 2261 Postquam
493 2180 631 2253 autem,
651 2165 697 2237 ad
714 2163 840 2265 oppidi
856 2164 1174 2262 expugnationem,
1192 2163 1292 2235 bom·

234 2281 353 2353 bardae
370 2305 433 2353 seu
450 2283 611 2380 petrarias
630 2281 783 2353 admotae
806 2295 906 2372 sunt,
930 2282 1022 2353 inira
1041 2281 1161 2352 minus
1184 2306 1292 2378 quam

234 2395 374 2468 dierum
395 2410 485 2468 octo·
499 2395 715 2468 curriculum
735 2397 848 2495 ruptis
867 2395 1024 2467 turribus
1044 2411 1080 2467 et
1098 2397 1290 2489 moenibus,

234 2510 411 2610 oppidum
430 2525 671 2609 expugnatum
686 2515 768 2582 est¹.
789 2509 897 2597 Quod
915 2511 1162 2602 cummilites',
1183 2510 1294 2584 insul·

235 2642 313 2700 tum
332 2626 518 2718 iacientes,
538 2627 574 2698 vi
595 2626 880 2723 ingrederentur,
901 2650 977 2698 sese
995 2624 1181 2724 tradidisse
1199 2627 1295 2700 cives

235 2745 282 2817 ad
308 2743 530 2815 voluntatem
553 2743 755 2841 principum
777 2741 991 2814 ferebantur.
1023 2741 1125 2813 Unde
1154 2744 1234 2815 neci
1256 2744 1293 2814 in

236 2861 315 2958 ipso
339 2861 502 2955 ingressu
525 2860 703 2957 parcitum
718 2874 791 2946 est,
817 2883 913 2955 quae,
933 2860 1061 2956 procul
1078 2858 1207 2951 dubio,
1227 2861 1294 2932 im·

237 2975 352 3048 manis
363 2975 486 3048 suisset
498 2993 540 3048 ac
556 2975 726 3073 plurima,
745 2977 812 3048 nisi
827 2976 917 3048 sacta
933 2976 1000 3068 sic,
1020 2977 1182 3072 quamvis
1195 3000 1292 3070 sero,

237 3093 468 3190 praecessisset
485 3091 635 3164 deditio.
654 3091 726 3164 Sed
742 3092 932 3192 oppidum,
951 3091 1051 3189 quod
1070 3091 1296 3190 opulentissi-

238 3233 339 3280 mum
357 3223 433 3280 erat
453 3223 490 3280 et
508 3207 557 3280 ob
574 3208 613 3281 id
639 3207 881 3285 firmissimum
906 3209 1084 3283 ferebatur
1101 3210 1157 3306 (et
1174 3233 1298 3282 revera

237 3324 289 3397 sic
319 3325 432 3422 erat),
459 3339 495 3396 et
518 3339 666 3422 propter
687 3324 759 3399 hoc
784 3325 1004 3425 locupletum
1035 3325 1142 3397 totius
1175 3326 1297 3427 patriae

238 3464 454 3537 suarumque
479 3459 592 3537 opum
615 3453 722 3536 atque
740 3439 945 3514 divitiarum
965 3439 1159 3513 commune
1176 3440 1296 3539 profu-

239 3555 355 3652 gium,
377 3557 413 3627 in
435 3555 675 3654 direptionem
695 3572 728 3628 et
747 3556 905 3654 praedam
921 3558 1090 3628 militibus
1106 3557 1221 3630 cessit.
1242 3558 1297 3630 Si·
1336 3591 1337 3594 ¹

239 3672 369 3744 militer
392 3686 426 3744 et
449 3671 532 3760 viri,
555 3687 667 3770 prout
692 3673 842 3770 quisque
876 3673 922 3744 ad
948 3695 1096 3745 manum
1120 3675 1297 3746 victorum

150 3851 153 3860 ,
239 3787 416 3878 veniebat,
431 3784 713 3887 [addicebantur]
723 3789 948 3886 captivitati³3
969 3813 1015 3860 ne
1033 3805 1154 3864 autem
1170 3792 1208 3864 in
1225 3817 1300 3864 mu·

236 3903 340 3976 lieres
364 3903 519 3977 ludibria
544 3919 578 3977 et
611 3904 860 3978 obscoenitates
885 3901 1173 3999 admitterentur,
1199 3906 1299 4004 prin-

282 4093 311 4152 1.
334 4091 530 4152 C’est·d-dire
544 4093 719 4154 des-boulets
732 4094 769 4154 de
784 4093 871 4156 fonte.

281 4185 311 4248 s,
333 4187 374 4260 n?
387 4185 425 4240 aa
441 4185 509 4242 aon
522 4185 609 4244 uss.

238 4311 241 4320 -
282 4275 311 4332 3.
334 4277 375 4332 Le
390 4283 485 4332 comte
505 4271 541 4330 de
558 4270 707 4332 Charoiais
725 4271 800 4330 «seit
812 4271 938 4332 chascun
955 4273 1037 4352 loger
1050 4290 1103 4350 par
1122 4269 1297 4330 fannion...
