3322 5172
597 548 705 604 LIBER
742 549 911 621 QUINTUS.
1238 555 1296 610 tot

240 677 415 772 apparuit.
433 681 539 770 Nam,
565 680 617 749 uti
645 677 813 769 diximus,
842 705 924 752 cum
949 683 984 751 in
1006 682 1208 780 Burgundia
1236 708 1292 756 re-

239 806 388 888 ceptus,
400 807 435 864 et
449 793 613 866 hostibus
635 795 795 893 undique
818 796 1103 869 circumvallatus
1123 800 1159 869 in
1177 801 1293 870 maxi·
1411 879 1417 888 ,

240 930 387 1004 masque
408 912 585 1005 angustias
609 912 791 999 detrusus,
809 912 1035 984 subditorum
1058 914 1185 986 auxilia
1208 928 1294 985 tuuc

239 1020 306 1092 sibi
321 1026 475 1120 praestari
489 1025 689 1112 mandaret,
708 1029 925 1100 nuncetiam
942 1043 1100 1124 rogaret,
1120 1027 1295 1102 obaudie-

239 1133 299 1208 bat
317 1163 444 1248 nem93
465 1165 670 1214 succurrere
687 1144 805 1216 nullus
821 1143 1023 1217 festinabat.

604 1483 855 1554 CAPlTULUM
879 1487 922 1553 X,

284 1681 385 1732 Iterum
396 1679 430 1733 de
442 1681 577 1734 communi
588 1701 724 1736 murmure
735 1683 854 1736 omnium
866 1684 986 1738 Statuum
1000 1698 1131 1738 terrerum
1142 1703 1248 1738 suarum

680 1763 804 1818 adversus
818 1783 855 1818 se.
994 1765 997 1770 ’

286 1937 381 2024 Quin
396 1939 515 2036 potius
533 1963 673 2025 omnes,
694 1964 794 2038 paene
811 1940 856 2012 de
873 1941 972 2012 omui
989 1953 1080 2011 statu
1095 1954 1134 2042 et
1150 1939 1290 2029 ordine,

236 2053 367 2151 passim
398 2068 521 2126 contra
559 2055 757 2153 principem
790 2055 1064 2128 murmurabant
1094 2083 1101 2125 :
1130 2055 1290 2148 nobiles,

236 2168 334 2266 quod
352 2169 385 2239 ei
401 2185 482 2242 aute
500 2173 661 2244 Nussiam
683 2187 719 2245 et
742 2174 779 2244 in
798 2171 962 2272 pluribus
984 2171 1289 2271 expeditionibus,

235 2286 271 2356 in
299 2286 459 2357 maximis
480 2288 666 2384 periculis,
685 2291 838 2387 propriis
865 2289 971 2360 etiam
988 2289 1174 2387 stipendiis
1198 2287 1293 2380 mili·¹

236 2413 390 2490 lassent,
419 2402 590 2499 quodque
618 2427 679 2475 eos
713 2403 863 2477 adverso
889 2417 1050 2501 tempore
1075 2417 1110 2474 et
1133 2401 1291 2473 hibernis

236 2516 433 2602 mensibus,
453 2518 489 2588 in
509 2519 627 2615 algore
645 2534 679 2590 et
701 2517 898 2618 glaciebus,
918 2517 1092 2589 imbribus
1115 2530 1220 2612 atque
1236 2517 1292 2586 ni-

234 2631 355 2723 vibus,
384 2634 497 2704 victus
522 2635 709 2706 necessarii
737 2635 895 2731 inopiam
922 2631 983 2703 diu
1008 2633 1045 2702 in
1073 2633 1196 2720 castris
1220 2631 1292 2704 suis
1335 2659 1341 2674 *

235 2747 386 2820 tolerare
402 2749 591 2844 coegisset,
614 2748 713 2820 nulla
733 2750 872 2822 ratione
896 2748 1126 2822 humanitatis
1149 2747 1288 2834 habita,

234 2887 276 2934 cx
297 2887 370 2960 quo
394 2862 513 2961 plures
534 2865 625 2936 fame
645 2879 679 2934 et
706 2864 825 2935 inedia
848 2863 1096 2953 extabuerant,
1114 2861 1170 2934 vel
1187 2863 1292 2932 variis

233 2978 511 3075 morbis⁴magno
523 3006 674 3070 numero
684 2980 888 3077 consumpti
905 2980 1060 3066 fuerant,
1075 2978 1289 3076 quodetiam

232 3095 422 3168 indiscrete
438 3111 545 3196 atque
561 3095 845 3195 improvideeos
863 3097 988 3194 saepius
1012 3095 1147 3192 magnis
1169 3095 1289 3190 objec-

232 3225 338 3283 tasset
356 3213 541 3308 periculis,
567 3240 609 3286 ex
629 3239 704 3311 quo
726 3213 857 3284 multos
880 3213 1017 3308 gladius
1034 3211 1171 3284 hostilis
1188 3213 1287 3283 attri-

231 3339 348 3412 verat3
380 3329 512 3396 caeteris
538 3343 677 3414 autem,
710 3328 769 3424 qui
802 3328 871 3398 tale
904 3325 1101 3424 periculum
1136 3326 1291 3424 ellegere

231 3439 447 3538 potuissent,
467 3465 584 3537 neque
610 3442 741 3532 honor,
767 3467 882 3539 neque
900 3442 1092 3514 commoda
1110 3441 1182 3514 ulla
1206 3466 1291 3540 pro-

231 3570 421 3644 venerant3
441 3556 516 3627 imo
539 3571 575 3627 et
597 3558 846 3653 quamplures,
866 3559 921 3629 vel
942 3558 1094 3630 venditis
1119 3561 1291 3657 patrimo-

231 3673 299 3743 niis
326 3671 382 3758 vel
407 3673 619 3769 pignoratis,
646 3672 783 3742 lucrant
806 3686 1034 3768 atqueerant
1056 3675 1103 3746 ad
1125 3687 1287 3768 magnam

230 3802 475 3885 paupertatem
498 3787 676 3874 devoluti,
698 3788 760 3884 qni
778 3802 945 3884 perantea
971 3788 1164 3888 locupletes
1186 3787 1291 3859 exsti-

230 3904 367 3977 tissent.

279 4020 529 4107 Querebantur
546 4033 581 4091 et
597 4019 819 4091 ecclesiastici
838 4022 990 4116 graviter
1006 4018 1105 4115 quod
1129 4041 1149 4089 a
1170 4017 1290 4088 militi-

229 4136 296 4220 bus
321 4137 393 4208 suis
418 4161 660 4234 saepenumero
678 4135 792 4226 bona,
815 4136 887 4208 suis
902 4135 1071 4233 deputata
1088 4133 1233 4223 usibus,
1256 4148 1292 4205 et

229 4256 413 4352 potissime
427 4253 573 4327 decimae
586 4269 619 4326 et
637 4254 788 4350 grangiae
802 4251 946 4351 direptae
961 4267 1067 4347 atque
1081 4252 1118 4323 in
1136 4252 1293 4350 praedam
