3384 5184
643 541 754 600 intua
774 543 925 603 PRIMUS.
1277 545 1314 602 93

250 677 355 748 oione
378 673 498 772 aliqua
521 676 717 773 susoepisse
738 689 937 773 putaretur,
956 674 1114 747 duorum
1130 677 1186 748 vel
1206 677 1314 750 trium

249 790 410 862 virorum
447 787 627 861 nobilium
663 788 709 860 de
747 791 832 862 satis
863 791 966 863 claris
995 789 1165 863 domibus
1195 792 1317 865 retulit

249 929 369 998 oesiam
389 905 469 1003 qui,
489 929 571 976 cum
589 904 766 1002 sigillatim
785 919 820 978 et
836 930 904 1003 pro
922 905 1071 978 diversis
1088 907 1203 978 causis
1218 908 1316 1006 ipsos

250 1019 540 1116 contingentibus
567 1045 689 1118 regem
715 1019 902 1112 adiissent,
930 1022 991 1118 qui
1025 1021 1137 1094 duros
1169 1022 1253 1094 satis
1279 1037 1316 1096 et

249 1137 385 1210 alienos
397 1138 443 1211 ab
454 1137 677 1212 humanitate
693 1153 728 1210 et
734 1138 871 1235 justitia
883 1138 1055 1210 terminos
1068 1137 1205 1211 eisdem
1218 1152 1315 1232 tene·

250 1253 324 1346 bat,
343 1254 523 1354 repulsam
540 1279 702 1345 suorum,
723 1254 887 1351 quamvis
899 1254 1081 1350 justorum
1095 1278 1137 1327 ac
1152 1257 1315 1330 rationa-

248 1369 393 1466 bibam,
422 1371 685 1470 postulatorum
713 1383 972 1469 reportarunt:
994 1387 1209 1448 annectente
1233 1397 1314 1470 rege

249 1485 457 1585 hujusmodi
480 1487 704 1587 repulsarum
728 1509 873 1558 causam
894 1485 971 1558 fore
997 1487 1124 1560 odium
1146 1488 1248 1587 quod
1267 1490 1314 1563 ad

249 1605 418 1676 comitem
435 1603 481 1676 de
497 1602 695 1696 Charolots,
711 1599 902 1674 dominum
918 1628 1064 1694 eorum,
1085 1603 1256 1698 haberot3
1274 1606 1312 1677 in

249 1718 350 1813 ouius
373 1718 582 1819 despectum
604 1733 641 1790 et
659 1732 910 1818 contemptum
935 1719 1017 1792 talia
1044 1744 1123 1793 ase
1141 1745 1313 1820 responsa

249 1834 441 1930 referrent,
472 1836 596 1934 eique,
629 1851 664 1908 et
692 1860 767 1907 non
795 1836 875 1926 alii,
902 1834 1055 1936 proinde
1087 1837 1216 1932 gratias
1246 1837 1313 1911 ha·

249 1947 387 2024 herent.

299 2072 372 2141 Hos
389 2091 509 2160 casus,
531 2068 725 2142 nominatis
743 2069 923 2168 personiS‚
944 2067 1032 2141 locis
1048 2082 1155 2166 atque
1173 2084 1313 2170 tempo-

249 2181 364 2276 ribus,
384 2187 420 2258 in
439 2184 570 2282 quibus
591 2198 626 2257 et
639 2210 729 2257 eum
747 2183 878 2282 quibus
893 2201 1037 2258 narrata
1053 2201 1149 2284 gesta
1165 2186 1314 2262 luissent

249 2313 284 2370 et
296 2301 404 2396 dicta,
417 2301 516 2374 idem
529 2301 699 2376 dominus
711 2325 834 2373 comes
845 2300 891 2373 de
904 2301 1135 2374 Clearolouin
1153 2305 1312 2378 medium

249 2419 383 2507 attulit,
410 2419 517 2491 silens
544 2434 579 2491 et
608 2415 788 2490 subticens
811 2418 1037 2508 vinctorum,
1068 2433 1107 2489 ut
1133 2418 1309 2512 diximrn,

249 2531 525 2608 consessionem.

296 2649 378 2722 Tale
401 2650 513 2746 igitur
533 2671 747 2746 responsum
772 2644 978 2718 babuerunt
1001 2645 1108 2742 legati
1130 2649 1221 2745 regis
1248 2673 1312 2748 per

249 2764 436 2861 pensatum
449 2763 620 2837 comitem
638 2761 685 2834 de
704 2760 903 2853 Charoluir,
917 2761 999 2859 qui,
1019 2759 1066 2833 de
1083 2760 1229 2860 objectis
1245 2764 1314 2838 sibi

248 2880 471 2970 criminibus,
487 2879 603 2952 taliter
616 2901 654 2950 se
670 2891 940 2977 purgatumseu
955 2876 1143 2950 delensum
1157 2878 1313 2976 legitime

248 2997 398 3092 putavit.
414 2995 621 3070 Mabserunt
636 3006 758 3067 autem
773 2993 885 3065 vincti
900 2992 1009 3088 longo
1023 3006 1187 3092 tempore
1199 3009 1235 3067 et
1247 3019 1312 3093 per

248 3134 365 3186 annos
396 3111 518 3211 plures
549 3109 616 3184 sub
649 3107 831 3201 custodia;
862 3107 995 3208 quibus
1027 3110 1196 3203 tandem,
1229 3125 1312 3210 post

249 3228 389 3303 obitum
411 3229 522 3329 patris
544 3229 620 3320 sui,
645 3229 794 3326 gratiam
818 3225 918 3318 lecit,
937 3239 973 3297 et
992 3224 1127 3299 liberos
1147 3227 1310 3328 ire-idem

249 3369 371 3420 comes
385 3345 558 3446 permisit.

564 3623 822 3695 ctrrrutuu
846 3621 986 3693 xxvu.
1003 3693 1024 3727 ,ι

246 3817 392 3890 Quomodo
407 3837 453 3874 rex
468 3819 600 3892 plurimos
615 3831 727 3874 conetur
742 3791 875 3891 impendit
890 3816 925 3871 ed
944 3816 1165 3890 disrumpendum
1176 3819 1274 3876 foedera
1286 3833 1313 3878 et

281 3899 409 3956 amicitiae
420 3900 488 3954 inter
500 3899 596 3956 duoem
607 3898 751 3956 Britanniae
764 3909 789 3952 et
804 3897 929 3954 comitem
940 3897 975 3974 de
989 3899 1131 3968 Cherubin
1144 3915 1170 3956 et
1180 3902 1311 3959 invective

281 3994 374 4036 conns
388 3980 550 4036 ambitiosos.

295 4164 434 4263 legatis
457 4163 564 4264 igitur
581 4161 627 4236 ad
650 4183 771 4258 regem
795 4160 945 4234 reversis
963 4175 1016 4253 et,
1037 4185 1117 4260 quae
1139 4161 1307 4256 egissent,

246 4281 312 4355 sibi
333 4279 571 4356 referentibus
591 4293 628 4352 et
652 4277 959 4370 renuntiantibus,
981 4279 1058 4378 ipse
1080 4303 1189 4352 omne
1209 4279 1310 4378 inge·
