3282 5168
390 503 449 560 276
659 500 917 559 ntsrottlttttttr
937 501 1115 558 LUDOVICI
1134 500 1178 556 xt

389 659 459 730 que
480 633 703 728 singulariter
725 631 849 703 divino
873 655 1024 704 munere
1039 645 1154 704 tutata
1169 647 1454 733 praeservataque

389 748 522 820 fuisset.
542 753 581 818 ln
596 771 670 844 quo
682 748 790 820 etiam
804 761 953 844 apparet
969 746 1242 845 quampulchre
1258 763 1295 819 et
1311 748 1451 846 elegan-

388 880 442 936 ter
454 889 553 937 sacer
564 862 745 960 psalmista
761 862 928 933 cecinerit
948 887 957 931 :
980 893 997 928 c
1014 861 1085 949 Qui
1103 861 1240 935 habitat
1254 865 1292 935 in
1308 866 1366 961 adj
1372 882 1452 937 uto·

387 980 441 1051 rio
460 979 647 1065 Altissimi,
665 979 702 1048 in
719 977 941 1075 protectione
958 977 1024 1049 Dei
1037 975 1117 1049 coeli
1134 980 1450 1051 commorabitur»

389 1093 453 1194 [et]
468 1092 568 1191 quod
582 1106 845 1188 consequenter
855 1091 892 1162 in
906 1089 1035 1164 eodem
1047 1093 1121 1164 imo
1133 1091 1325 1166 bellissime
1338 1097 1447 1194 capit.

434 1214 618 1280 Durarunt
632 1207 739 1302 igitur
758 1208 850 1278 inter
866 1211 1086 1279 Francorum
1104 1233 1225 1305 regem
1248 1209 1452 1308 ducemque

387 1321 683 1421 Burgundionum
700 1336 831 1419 treugae
849 1323 1025 1420 praedictae
1040 1323 1183 1396 initiatae
1194 1351 1237 1398 ex
1253 1342 1380 1425 quarta
1394 1329 1452 1400 die

387 1440 521 1538 aprilis,
536 1453 571 1510 et
588 1453 712 1537 postea
735 1438 802 1510 sub
819 1437 953 1511 eisdem
970 1438 1107 1535 legibus
1129 1465 1170 1512 ex
1193 1441 1351 1515 calendis
1371 1443 1451 1540 julii

388 1557 424 1627 in
443 1579 578 1626 annum
597 1553 797 1653 productae,
811 1553 946 1651 absque
958 1553 1029 1627 hoe
1043 1555 1142 1651 quod
1156 1561 1374 1632 commercia
1390 1560 1453 1632 ali·

385 1697 458 1768 qua
473 1673 565 1743 inter
579 1671 760 1765 utriusque
772 1669 984 1742 obedientiae
1005 1669 1167 1744 subditos
1183 1699 1329 1746 cursum
1342 1675 1452 1748 habe·

386 1803 478 1861 rent.
494 1787 634 1875 Quibus
650 1784 817 1858 ineundis
842 1800 879 1856 et
899 1784 1067 1859 feriendis
1091 1813 1234 1861 causam
1250 1792 1452 1889 prestitisse

387 1903 565 1975 serebatur
590 1900 764 1973 adventus
784 1900 1011 1973 illustrissimi
1031 1901 1133 1974 ducis
1151 1905 1365 2001 Aquitaniae,
1389 1908 1452 2003 qui

310 2040 315 2049 ·
386 2046 429 2093 ex
454 2019 642 2117 Aquitania
672 2042 694 2089 a
716 2042 820 2114 rege,
857 2042 1027 2115 germano
1051 2045 1135 2109 suo,
1160 2035 1201 2091 ut
1228 2020 1296 2092 sibi
1320 2022 1450 2095 auxilia

385 2137 508 2226 ferret,
526 2133 732 2223 accersitus,
752 2158 835 2205 cum
856 2132 1008 2232 pulchro
1032 2149 1252 2207 armatorum
1276 2138 1450 2210 comitatu

384 2264 543 2338 venerat,
564 2264 737 2347 tanquam
756 2249 823 2321 sibi
840 2248 995 2322 subsidia
1009 2249 1244 2348 praebiturus,
1272 2278 1310 2324 re
1328 2269 1451 2328 autern

385 2391 469 2440 vera
486 2367 559 2462 regi
575 2365 686 2461 magis
699 2380 882 2464 suspectus
898 2364 1130 2438 habebatur¹.
1224 2375 1226 2380 '

437 2483 516 2553 Fuit
526 2497 644 2553 autem
655 2505 695 2554 ea
708 2495 829 2576 treuga
839 2480 922 2553 satis
934 2497 1138 2579 opportuna
1151 2496 1186 2554 et
1199 2509 1313 2583 prope
1330 2511 1452 2560 neces·

386 2602 476 2673 saria
497 2598 793 2697 Burgundionum
817 2596 918 2687 duci,
937 2612 979 2668 ut
1001 2596 1047 2669 ab
1065 2599 1255 2672 obsidione
1281 2626 1345 2673 sua
1371 2608 1452 2674 Am-

384 2718 547 2791 bianensi
564 2715 772 2788 discedendi
792 2715 982 2787 honestam
1004 2716 1182 2814 acciperet
1201 2719 1448 2810 occasionem,

387 2837 521 2933 inqua
545 2858 673 2933 parum
696 2845 759 2905 aut
784 2830 872 2902 nihil
897 2829 1072 2928 proficere
1093 2847 1256 2931 poterat,
1283 2859 1327 2907 eo
1349 2833 1452 2933 quod

388 2951 553 3024 maximis
573 2951 734 3047 equitum
757 2961 794 3018 et
819 2945 981 3045 peditum
1002 2949 1114 3045 copiis
1136 2973 1216 3020 eam
1240 2949 1367 3022 urbem
1388 2976 1453 3022 rex

388 3066 597 3165 repleverat,
627 3063 815 3160 eidemque
840 3077 1063 3136 commeatus
1085 3063 1306 3138 abundantia
1329 3067 1451 3164 quoti-

389 3183 447 3256 die
463 3179 688 3282 providebat.
712 3176 782 3249 Sed
803 3193 839 3249 et
860 3177 906 3249 de
927 3191 1004 3250 toto
1028 3204 1138 3275 regno
1159 3181 1341 3279 ingentem
1356 3181 1452 3254 circa

388 3299 479 3371 fines
491 3296 570 3368 illos
582 3294 744 3365 militiam
756 3295 1002 3389 congregarat,
1019 3319 1098 3392 quae
1110 3295 1227 3392 ipsum
1242 3295 1453 3394 Burgundiae

389 3413 520 3486 ducem
534 3424 569 3481 et
587 3407 662 3504 ejus
682 3407 876 3481 exercitum
893 3407 930 3480 in
948 3407 1110 3507 plurimis
1127 3411 1297 3508 angustiis
1315 3411 1451 3485 vic'tua·

391 3530 479 3602 lium
489 3523 740 3596 habendorum
749 3523 940 3620 multisque
950 3525 1025 3596 aliis
1035 3525 1199 3622 periculis
1208 3525 1448 3626 supponebat.

432 3783 462 3840 l.
484 3782 520 3838 Et
538 3796 597 3837 non
619 3795 685 3836 sans
707 3774 821 3844 raison,
841 3771 965 3852 puisquc
985 3751 1147 3831 c'estdans
1167 3791 1200 3831 ce
1217 3791 1332 3854 voyage
1347 3793 1405 3852 que
1421 3773 1450 3832 le

391 3873 490 3953 prince
504 3887 588 3949 passa
603 3866 640 3926 de
654 3883 790 3925 nouveeu
806 3861 980 3921 tt’ennemi.
997 3860 1066 3920 Cela
1083 3873 1126 3920 est
1140 3863 1252 3940 prouvd
1265 3881 1318 3941 par
1338 3883 1372 3923 ce
1392 3878 1450 3945 que

391 3961 515 4021 l'auteur
529 3967 646 4016 raconte
660 3953 731 4011 dans
743 3951 772 4010 le
785 3949 914 4029 chapitre
927 3949 1054 4026 suivant,
1069 3963 1098 4009 et
1109 3970 1215 4011 encore
1228 3953 1326 4012 mieux
1340 3972 1396 4040 ptr¹
1407 3955 1451 4014 les

386 4048 574 4114 instructions
586 4043 623 4103 de
636 4045 743 4102 Poncet
758 4040 794 4099 de
810 4045 852 4100 La
866 4040 1000 4114 Riviere,
1015 4042 1126 4120 envoye'
1140 4063 1194 4122 par
1208 4043 1237 4102 le
1250 4043 1307 4103 duc
1322 4044 1359 4103 de
1376 4049 1450 4104 Bre-
1562 4106 1567 4116 ,

390 4153 526 4220 ragueau
541 4137 596 4195 duc
611 4134 647 4193 de
660 4137 843 4212 Bourgogne‚
860 4129 888 4190 le
902 4134 940 4190 15
952 4130 1047 4205 juillet
1060 4135 1149 4194 tttt.
1164 4136 1202 4192 Ι).
1218 4133 1340 4207 Morice,
1358 4153 1449 4214 preu-

389 4249 452 4306 ves,
471 4242 491 4287 t.
508 4231 560 4286 111.
