3384 5184
648 523 759 581 LIBER
779 523 928 582 PRIMUS.
1279 528 1317 583 etl

305 662 399 732 Sane
415 683 483 730 uos
500 655 703 730 audivimus
719 656 812 730 duos
828 655 1048 729 venerabiles
1064 655 1319 732 ecclesiasticos

258 774 368 866 viros,
385 773 447 871 qui
461 771 570 846 ambo
584 786 688 845 erant
700 772 865 844 canonici
881 772 1112 844 Sancti-Petri
1125 774 1321 846 Lovanien·

257 890 305 962 sis
311 893 333 982 ¹,
348 891 411 986 qui
422 887 649 964 affirmabant
660 913 697 960 se
706 887 753 960 ab
762 913 807 960 eo
817 889 944 987 saepius
956 888 1145 981 audivisse,
1158 904 1322 989 tempore

258 1030 334 1105 quo
358 1005 394 1075 in
420 1005 524 1076 terris
546 1004 690 1076 illustris
717 1003 1013 1100 Burgundionum
1039 1004 1140 1077 ducis
1164 1021 1257 1100 erat,
1285 1021 1323 1079 et

259 1121 420 1222 ejusdem
437 1122 540 1195 ducis
551 1121 723 1222 impensis
740 1118 902 1194 alebatur
913 1133 1020 1219 atque
1037 1120 1239 1218 fovebatur,
1252 1123 1322 1222 (id-

260 1265 331 1338 que
344 1239 512 1337 frequens
529 1239 567 1309 in
585 1262 648 1310 ore
664 1263 730 1310 suo
748 1235 973 1334 versabatur)
985 1236 1085 1336 quod
1102 1269 1119 1304 α
1135 1263 1322 1337 nunquam

262 1359 480 1427 Francorum
496 1378 559 1426 rex
574 1367 666 1425 esset
681 1352 852 1425 dominus
868 1353 905 1425 in
923 1376 1035 1451 regno
1050 1379 1129 1448 suo,
1149 1352 1321 1451 quamdiu

261 1471 442 1570 principes
464 1469 629 1544 subditos
654 1483 727 1542 tam
750 1482 915 1568 potentes
941 1468 1105 1563 haberet,
1134 1471 1257 1568 quales
1276 1470 1323 1543 de

262 1585 356 1660 facto
369 1587 442 1660 illic
456 1599 589 1676 esseut;
606 1614 624 1653 u
640 1585 724 1657 satis
739 1610 804 1683 per
818 1584 889 1657 hoc
905 1584 1068 1658 iudicans
1081 1586 1169 1684 quid
1183 1587 1324 1684 gestiret

262 1702 403 1792 anim0‚
424 1702 454 1774 si
470 1700 665 1800 aliquando
681 1699 728 1772 ad
746 1725 895 1798 regnum
911 1701 988 1800 ipse
1002 1703 1219 1801 perveniret.

310 1817 480 1916 Capiebat
515 1817 695 1916 exempla,
727 1831 805 1890 tum
836 1841 857 1890 a
889 1817 1090 1906 Ferrando,
1123 1818 1324 1890 Siculorum

263 1936 375 2032 rege',
400 1936 475 2008 imo
504 1936 622 2034 potius
642 1947 797 2032 tyranno
821 1949 856 2006 et
878 1934 1037 2007 violento
1060 1949 1168 2033 atque
1191 1936 1325 2034 injusto

264 2065 481 2150 occupatore
491 2051 569 2149 (qui
584 2048 722 2144 deletis,
736 2051 794 2123 vel
812 2075 927 2151 prope
940 2050 987 2124 ad
1001 2051 1155 2123 nihilum
1174 2052 1327 2126 redactis

264 2167 432 2241 omnibus
445 2167 558 2241 ferme
571 2168 672 2264 regni
687 2166 780 2239 illius
792 2167 1028 2267 principibus,
1046 2167 1133 2242 fiseo
1148 2195 1214 2242 suo
1228 2172 1326 2269 regio

264 2308 391 2356 omnes
401 2307 529 2356 eorum
542 2297 654 2356 terras
666 2297 700 2355 et
711 2308 840 2356 census
853 2284 1070 2383 praediorum
1084 2285 1328 2384 adjecit),tum

264 2401 311 2476 ab
325 2400 513 2491 Eduardo,
535 2401 728 2498 anglorum
743 2403 860 2498 rege⁸‚
880 2414 994 2473 tuma
1010 2400 1102 2475 duce
1119 2403 1329 2476 Mediolani‘

264 2533 300 2591 et
313 2518 390 2591 aliis
406 2515 582 2614 tyrannis;
603 2537 760 2611 quorum
777 2513 848 2587 hoc
865 2516 1052 2614 proprium
1070 2541 1146 2588 esse
1160 2516 1268 2611 solet,
1289 2533 1329 2598 ut

265 2632 448 2736 sanguinis
464 2630 519 2702 sui
536 2626 816 2729 proximioribus
834 2643 869 2700 et
885 2630 1058 2727 cognatis,
1080 2644 1119 2702 ut
1134 2631 1201 2704 soli
1218 2631 1329 2704 totius

265 2764 372 2848 atque
392 2747 539 2821 liberius
560 2747 739 2846 imperent
759 2760 795 2818 et
818 2771 865 2819 ue
886 2771 1008 2819 secum
1035 2763 1154 2848 partes
1180 2747 1326 2839 iaciant,

266 2882 421 2940 mortem
446 2863 578 2937 inferre
603 2863 870 2936 consueverint.
898 2862 1003 2960 Atqui
1032 2863 1193 2963 prolecto
1219 2864 1328 2937 vehe-

307 3021 335 3077 l.
359 3017 554 3078 sunt-rtem
568 3014 604 3074 de
617 3013 762 3090 Iourain,
777 3014 855 3075 alors
869 3014 957 3095 eglise
967 3016 1129 3098 collegiale.

306 3111 336 3169 2.
359 3106 523 3168 Ferdinand
540 3105 705 3186 d'Aragon,
721 3105 765 3166 lils
780 3104 884 3165 batard
898 3103 1078 3188 d'Alphonse
1091 3107 1120 3166 le
1134 3107 1329 3190 Magnanime,

267 3197 317 3276 qui
330 3198 410 3258 avait
421 3197 542 3277 conquis
554 3196 584 3257 le
597 3215 736 3278 royaume
754 3194 790 3256 de
803 3194 911 3276 Naples
924 3216 974 3256 sur
987 3197 1016 3257 la
1031 3196 1142 3258 maison
1155 3196 1292 3272 d’Anjou.
1306 3197 1332 3257 n

267 3286 367 3346 assiste
388 3287 477 3348 Louis
499 3289 543 3346 x1
566 3285 695 3366 pendant
714 3283 744 3344 la
765 3303 870 3364 guerre
890 3283 929 3344 du
949 3285 1020 3346 Bien
1040 3285 1155 3367 public,
1177 3306 1213 3345 en
1230 3286 1334 3348 faisant

267 3377 376 3437 croiser
391 3395 436 3437 ses
450 3376 604 3436 vaisseaux
618 3394 668 3436 sur
684 3375 713 3435 la
728 3375 792 3434 cdte
808 3373 845 3434 de
863 3379 1024 3438 Prorence.
1039 3375 1197 3437 Collectiou
1214 3375 1266 3436 des
1282 3374 1335 3436 do-

267 3480 398 3528 cuments
409 3463 526 3540 ine'dits‚
542 3468 704 3543 Meleager,
718 3475 738 3526 t.
755 3465 797 3538 Π,
811 3482 843 3543 p.
859 3464 928 3523 382.

309 3559 338 3614 3.
358 3545 496 3614 Edouard
511 3557 562 3628 IV,
577 3553 655 3613 alors
671 3553 803 3634 regnant.

309 3649 340 3708 l.
361 3643 570 3704 L’admiratiou
584 3642 621 3702 de
634 3642 723 3701 Iouis
740 3645 782 3701 xl
798 3662 875 3721 pour
890 3643 1028 3721 Franqois
1043 3643 1143 3704 Sforce
1158 3645 1249 3706 delate
1262 3645 1334 3706 dans

268 3733 311 3793 les
331 3732 501 3792 documenta
525 3731 656 3791 officials.
687 3729 768 3789 Voici
794 3749 831 3790 en
852 3731 935 3810 queis
958 3744 1063 3792 termes
1087 3734 1108 3794 il
1128 3736 1210 3815 parle
1232 3735 1269 3795 de
1292 3735 1334 3794 lui

269 3821 342 3882 dans
360 3820 388 3879 le
406 3819 575 3899 preambule
595 3820 646 3880 des
662 3819 761 3878 lettres
777 3839 831 3898 par
850 3819 1003 3898 lesquelles
1021 3821 1042 3880 il
1059 3821 1101 3882 lui
1118 3822 1293 3883 abandonna
1306 3823 1336 3884 la

270 3910 431 3994 seigneurie
445 3908 482 3972 de
498 3913 593 3971 (lenes
610 3933 617 3970 ι
638 3908 833 3991 «Diligentius
849 3912 1080 3991 contemplamur
1088 3913 1336 3993 praestantissimas

268 4002 360 4064 enimi
369 4012 398 4060 et
408 4000 538 4078 corporis
551 3999 633 4060 dotes
644 3997 831 4058 illustrissimi
841 4019 874 4059 ao
884 4001 1061 4082 magnanimi
1070 4002 1214 4063 Francisci
1223 4001 1336 4078 Forcia,

270 4107 340 4168 etc,
355 4087 494 4152 avunculi
512 4089 605 4150 nostri
620 4087 814 4163 dilectissimi,
828 4103 1028 4171 quantumque
1044 4092 1206 4153 felicissime
1222 4113 1337 4173 semper

270 4186 301 4246 in
318 4184 406 4245 rebus
428 4178 539 4241 bellicis
560 4199 614 4259 pro
635 4177 856 4258 incomparabili
870 4180 971 4240 invicti
989 4181 1078 4242 animi
1099 4181 1144 4241 sui
1161 4181 1337 4242 sublimitate

270 4273 464 4358 praevaluerit.
483 4299 496 4324 n
518 4273 705 4330 ordonnance
717 4273 768 4328 der
778 4278 835 4330 ruis
848 4275 885 4330 de
895 4277 1013 4348 nune,
1026 4286 1048 4332 t.
1062 4275 1145 4349 ΧΠ,
1159 4295 1189 4354 p.
1203 4277 1253 4334 57.
