3402 5186
641 577 750 636 LIBER
770 574 918 636 PRIMUS.
1272 575 1304 636 tt
1339 637 1344 647 ,

206 705 210 714 ’
252 726 318 780 suo
336 704 516 780 insideret.
534 707 626 779 ttthit
644 721 775 807 nempe
792 723 930 782 tantum
948 711 984 780 in
1001 708 1178 782 desiderio
1196 733 1233 780 se
1249 710 1310 782 ba·

252 822 337 894 bere
354 820 549 914 asserebat,
568 838 746 926 quantum
762 839 800 896 ut
824 824 979 924 populos
1004 824 1103 922 regni
1120 825 1309 924 ipsumque

254 963 402 1036 regnum
422 937 468 1009 ab
495 941 648 1037 angariis
674 953 708 1011 et
732 939 949 1012 immanibus
970 941 1185 1025 tributorum
1203 954 1309 1040 atque

253 1057 479 1128 exactionum
492 1055 676 1148 oneribus,
691 1055 822 1154 quibus
835 1057 930 1156 ipsos
942 1078 1018 1130 esse
1030 1055 1219 1158 [gravatos]
1231 1081 1311 1156 cog·

255 1170 438 1258 noscebat,
453 1170 584 1262 levare,
599 1185 634 1244 et
646 1173 683 1243 iu
695 1173 880 1271 pristinam
894 1184 1001 1271 atque
1013 1175 1197 1272 antiquam
1208 1173 1311 1245 liber·

254 1302 364 1360 tatem
381 1289 580 1378 instaurare
599 1303 635 1360 et
654 1289 834 1361 restituere
850 1301 982 1387 posset.
1001 1291 1046 1360 Sc
1062 1289 1309 1388 quinquennio

255 1403 1312 1504 propelnterrismansisseBurgundionumducis,inquibus

256 1533 328 1591 tam
345 1519 541 1618 magnillcae
557 1521 715 1593 civitates
734 1533 769 1593 et
786 1520 920 1620 oppida
936 1535 1010 1592 tam
1030 1505 1218 1619 opulenta,
1236 1532 1311 1591 tam

255 1634 413 1707 honestae
428 1635 558 1708 domus
576 1648 612 1708 et
629 1638 729 1708 omni
747 1657 876 1731 genere
892 1631 1143 1734 suppellectilis
1159 1649 1232 1706 tam
1247 1633 1310 1706 de·

255 1765 376 1824 center
392 1753 570 1824 instructae
590 1763 625 1824 et
642 1759 796 1842 omatae,
819 1750 1015 1852 populique
1035 1764 1132 1822 tanta
1152 1749 1313 1822 libertate

256 1868 462 1966 gaudentes,
481 1883 555 1942 tam
570 1868 730 1941 honestis
744 1868 902 1945 vestibus
919 1867 1038 1940 amicti
1049 1876 1083 1938 et
1096 1867 1181 1938 culti
1195 1867 1312 1966 politi·

255 2008 327 2082 que
354 1984 490 2075 forent,
526 2000 567 2056 ut·
591 1985 764 2058 felicitatis
791 2001 898 2083 atque
927 1984 1099 2056 libertatis
1127 1981 1313 2082 quoddam

165 2100 169 2106 ’
255 2101 434 2198 specimen
452 2113 581 2174 cuncta'
597 2124 676 2200 quae
699 2101 770 2173 illic
788 2100 1012 2191 viderentur,
1033 2099 1309 2200 pretenderent3

255 2239 322 2287 nec
348 2214 458 2288 ruina
482 2217 617 2316 quippe
644 2218 715 2289 illic
740 2231 802 2288 aut
826 2218 996 2289 maceries
1019 2216 1204 2288 destructa
1235 2216 1313 2290 uttae

255 2347 503 2425 cemerentur;
518 2356 538 2405 e
553 2333 695 2405 diverso
713 2357 812 2426 vero,
829 2357 914 2404 cum
926 2334 1082 2432 primum
1094 2356 1244 2430 regnum
1257 2334 1311 2404 in·

256 2472 394 2545 gressus
410 2463 511 2538 esset,
531 2447 667 2546 ubique
687 2450 806 2520 ruinas
820 2463 856 2520 et
874 2447 1008 2519 dirutas
1026 2450 1196 2522 macerias
1213 2449 1312 2521 inve·
1346 2518 1352 2529 ,

257 2565 370 2655 nisse;
405 2563 607 2662 squalentes
633 2589 719 2636 vero
747 2587 852 2659 agros
877 2576 985 2660 atque
1009 2563 1184 2648 incultos,
1216 2564 1313 2636 velut

256 2679 436 2752 desertum
453 2680 653 2778 quoddam,
670 2680 800 2752 intueri
815 2679 947 2778 ubique
965 2702 1094 2779 posse3
1113 2678 1174 2750 sed
1195 2693 1229 2750 et
1247 2678 1313 2751 ho·

256 2797 390 2887 mines,
407 2812 480 2870 tam
498 2798 592 2870 viros
608 2822 718 2897 quam
739 2798 917 2884 mulieres,
937 2811 1011 2868 tam
1021 2793 1185 2876 vultuum
1201 2797 1314 2870 macie

258 2935 366 3009 quam
380 2912 590 2984 detritorum
610 2927 644 2984 et
661 2912 895 2985 laceratorum
919 2912 1213 3014 indumentorum
1239 2911 1315 2982 vili-

259 3043 329 3101 tate
359 3043 466 3127 atque
494 3029 601 3100 ctiam
631 3054 747 3128 prope
766 3028 954 3119 nuditate,
979 3041 1114 3101 mutam
1137 3042 1314 3099 ostentare

256 3159 503 3244 paupertatem
521 3159 628 3244 atque
641 3145 814 3244 inopiam,
835 3160 874 3216 ut
888 3143 1006 3244 potius
1023 3142 1128 3215 bonis
1144 3143 1270 3215 nudati
1280 3157 1315 3215 et

257 3260 396 3360 spoliati
414 3284 455 3333 ac
471 3259 567 3334 velut
583 3286 627 3333 ex
644 3287 752 3360 specu
768 3286 831 3333 seu
847 3273 939 3333 tetro
956 3259 1077 3358 aliquo
1103 3280 1243 3332 carcerc
1258 3284 1314 3333 re·

259 3391 380 3448 center
400 3379 558 3468 extracti,
577 3401 686 3475 quam
709 3375 811 3448 liberi
825 3377 935 3475 aliqui
951 3377 1077 3475 populi
1093 3371 1315 3470 existimandi

257 3491 557 3566 esscviderentur.
571 3497 762 3591 Propterea
773 3517 810 3565 se
821 3516 951 3589 magno
961 3491 1171 3566 intrinsecus
1182 3505 1314 3564 tactum

257 3603 395 3694 dolore,
416 3633 525 3707 seque
541 3635 585 3681 ex
596 3609 717 3682 animo
726 3609 862 3684 eisdem
870 3609 1007 3706 totique
1016 3630 1127 3704 regno
1141 3609 1316 3681 viscerosa

257 3725 415 3824 compati
429 3726 565 3818 aiebat,
585 3725 684 3824 quod
703 3749 765 3798 eos
789 3726 895 3796 tantis
917 3723 1051 3796 obsitos
1074 3722 1174 3795 malis
1192 3722 1315 3797 tantis'·
1354 3762 1357 3769 ·
1416 3817 1419 3826 Ι

258 3864 328 3939 que
356 3843 505 3914 miseriis
535 3857 571 3914 et
604 3840 863 3914 calamitatibus
892 3864 1083 3939 oppressos
1114 3841 1313 3932 inveniret3

259 3954 430 4054 pollicens
446 3983 607 4058 operam,
626 3959 793 4030 annisum
809 3971 916 4054 atquc
931 3971 1101 4028 conatum
1117 3977 1263 4028 ornnem
1277 3980 1316 4030 se

259 4073 516 4170 praestiturum,
532 4090 728 4171 quatenus,
747 4071 939 4144 auxiliante
956 4075 1033 4144 Deo
1049 4086 1084 4144 et
1102 4073 1314 4164 miserante,

257 4203 375 4260 totum
405 4213 555 4284 regnum
585 4191 841 4285 universosque
862 4177 1023 4285 ejusdem
1045 4188 1184 4261 accolas
1210 4188 1316 4260 tantis

259 4305 432 4377 relevatos
449 4304 562 4399 malis,
582 4321 617 4378 et
635 4305 681 4378 ab
696 4303 865 4377 omnibus
883 4304 1099 4378 tributorum
1117 4319 1152 4377 et
1167 4307 1317 4405 vectiga-
