3322 5172
393 513 450 574 860
667 513 924 574 fflstolttttttttt
943 513 1121 574 nttnovtcl
1141 517 1185 573 xt

392 655 436 722 Et
465 647 619 747 proinde
646 648 818 722 adversus
848 672 932 722 eum
959 646 1193 722 vehementer
1226 647 1454 748 indignatus,

392 781 469 840 tum
484 780 519 838 ct
533 779 681 865 propter
692 765 895 854 mutantia,
910 789 990 862 quae
1001 764 1137 864 perfide
1150 791 1274 840 secum
1283 785 1318 841 et
1330 785 1459 844 contra

392 910 431 960 se
452 909 558 980 agere
583 882 641 956 vel
663 881 789 955 dolose
809 897 917 981 atque
942 883 1113 956 insidiose
1136 885 1326 960 consulere
1345 903 1459 962 atten-

393 1015 504 1094 tarat,
531 999 760 1098 cupidissime
786 997 1012 1072 desiderabat
1041 1023 1127 1073 eum
1151 1000 1199 1073 ad
1222 1026 1305 1075 suas
1328 1029 1462 1082 manus

391 1116 589 1217 perducere
606 1128 643 1186 et
660 1113 858 1207 attrahere,
880 1129 919 1185 ut
936 1114 982 1186 de
998 1115 1075 1212 ejus
1091 1116 1268 1215 supplicio
1289 1134 1325 1192 et
1341 1122 1460 1219 poenis

392 1249 428 1308 et
443 1244 733 1306 suaexsaturaret
749 1229 834 1302 odia
848 1285 857 1320 ,
870 1244 906 1302 et
918 1229 1089 1302 omnibus
1102 1229 1180 1303 aliis
1197 1232 1243 1304 de
1260 1259 1372 1332 regno
1390 1259 1459 1309 suo

392 1348 596 1447 exemplum
626 1345 818 1446 praeberet,
847 1360 1057 1444 metumque
1082 1351 1323 1447 praesumendi
1352 1351 1460 1449 quid·

392 1487 503 1562 quam
517 1463 710 1537 adversum
723 1486 762 1534 se
779 1461 979 1534 machinari
995 1465 1215 1536 immitteret.

442 1584 494 1652 Er
514 1579 570 1652 bis
586 1579 694 1677 igitur
718 1581 833 1653 causis
855 1579 1051 1679 proclivior
1071 1578 1235 1653 redditus
1253 1596 1306 1654 est
1323 1607 1385 1654 rex
1409 1583 1458 1658 ad

393 1712 535 1795 treugas
559 1695 803 1769 conciliandas
821 1721 906 1769 cum
928 1695 1041 1790 duce,
1071 1711 1107 1770 et
1122 1699 1317 1770 nonnullas
1340 1715 1461 1797 gratas

392 1813 510 1888 eidem
534 1813 618 1886 duci
642 1827 750 1910 atque
776 1811 879 1885 utiles
902 1811 1130 1886 conditiones
1153 1813 1343 1910 laxandas,
1367 1841 1459 1914 quas

393 1930 513 2004 forsan
538 1929 624 2004 alias
643 1929 790 2003 minime
819 1927 942 2000 suisset
967 1927 1192 2002 obtenturus.
1226 1931 1326 2003 lnitae
1349 1933 1460 2028 igitur

393 2060 429 2120 et
451 2031 648 2145 'compactae
675 2044 775 2116 fuere
796 2057 930 2141 treugae
958 2044 1050 2116 inter
1081 2069 1203 2142 regem
1235 2060 1272 2118 et
1299 2045 1457 2140 ducem,

392 2161 487 2234 circa
503 2183 665 2233 mensem
678 2157 850 2248 octobris,
866 2183 965 2232 anno
982 2161 1181 2232 Dominicae
1196 2163 1459 2236 incarnationis

392 2278 674 2365 rr.cccc.1.xxr.¹,
692 2273 738 2346 ad
754 2299 888 2348 novem
915 2300 1030 2349 annos
1055 2276 1258 2368 duraturae,
1283 2279 1460 2377 permissa

392 2393 693 2468 commerciorum
710 2406 746 2464 et
767 2393 1020 2488 trajectionum
1042 2393 1137 2465 ultro
1162 2395 1326 2491 citroque
1343 2395 1460 2468 libera

394 2513 580 2603 facultate,
601 2535 682 2610 quae
702 2535 768 2610 per
783 2535 899 2584 annos
916 2510 1079 2608 quinque
1094 2513 1289 2586 continuos
1304 2511 1460 2586 inhibita

394 2644 572 2704 manserat
604 2653 688 2701 cum
721 2651 851 2725 magna
878 2627 1126 2702 dominiorum
1155 2645 1192 2702 et
1225 2629 1459 2704 subditorum

393 2746 578 2842 utriusque
590 2743 762 2843 principis
772 2743 911 2839 jactura
928 2757 964 2815 et
975 2743 1283 2818 incommoditate.

443 2867 482 2934 tn
503 2885 577 2958 quo
597 2873 803 2955 treugarum
827 2857 1085 2933 novennalium
1107 2859 1276 2952 articulo,
1302 2885 1349 2932 ne
1375 2887 1459 2961 pro·

392 2986 525 3062 lixitate
538 2985 649 3058 nimia
666 2985 792 3058 lectori
809 2983 991 3058 fastidium
1006 2985 1218 3077 inducatur,
1236 2984 1336 3058 bunc
1346 3011 1457 3085 quar·

393 3120 470 3180 tum
499 3103 706 3177 claudemus
726 3101 883 3195 librum,
911 3129 991 3202 quae
1017 3117 1209 3203 supersunt
1239 3127 1283 3178 ex
1309 3105 1458 3178 alterius

393 3221 544 3296 exordio
564 3231 831 3320 prosequentes.
889 3215 893 3226 '

433 3465 463 3522 t.
487 3466 540 3522 Les
557 3473 634 3522 actes
651 3460 687 3522 de
707 3472 782 3521 cette
808 3463 907 3533 treve,
926 3481 965 3522 au
986 3461 1108 3524 nombre
1126 3463 1164 3524 de
1181 3465 1266 3544 cinq,
1287 3477 1353 3527 sont
1375 3465 1459 3528 dut&

305 3551 307 3556 ’
393 3549 433 3610 du
447 3549 660 3631 tssseptembre
673 3553 763 3613 tttt.

731 3877 862 3918 muttit·
881 3879 964 3920 Hm
984 3879 1120 3930 Quum.
