3014 5010
485 445 596 502 unm
615 443 818 502 sumanus
1126 444 1218 521 tarr„

125 588 205 662 talis
219 580 377 686 provisio
392 575 637 670 cuilibet,·vel
659 577 812 649 teuniter
834 576 1003 676 sapienti,
1022 576 1184 649 inefficax

124 717 231 802 atque
247 696 380 774 inutilis
392 719 538 794 prorsus
554 692 717 766 facillime
730 691 843 764 videri
859 707 1017 791 poterat,
1033 694 1184 793 imperio

123 842 169 893 ac
182 827 358 918 potestate
374 813 411 884 in
427 810 521 882 illius
534 834 643 882 manu
661 823 912 908 permanente,
928 810 990 907 qui
1008 809 1128 881 omnia
1142 835 1185 882 ex

122 958 188 1011 sno
206 931 364 1035 pendere
380 928 523 1001 volebat
541 927 712 1017 arbitrio,
734 926 895 1024 nihilque
916 927 1070 1026 amplius
1090 953 1186 1001 exse·
1222 1010 1225 1017 ,

123 1051 290 1127 orabatur
316 1046 374 1121 vel
401 1069 550 1118 exosum
576 1042 732 1116 habebat
764 1068 875 1140 quam
910 1043 1010 1140 quod
1038 1042 1097 1114 illa
1121 1067 1186 1116 sua

124 1191 264 1243 summa
283 1176 442 1264 potestas
466 1160 645 1259 aliquibus
669 1159 790 1258 legum
818 1160 874 1232 vel
890 1159 1035 1256 justitiae
1059 1159 1187 1232 mode-

124 1297 260 1358 raretur
277 1278 385 1354 frenis
403 1305 411 1350 ε
429 1277 552 1353 similis
573 1275 734 1376 profecto
751 1276 817 1348 illis
839 1275 1020 1374 spiritibus
1036 1276 1184 1373 refugis,

124 1400 206 1499 qui,
225 1396 386 1495 neglecta
407 1385 562 1494 justitia,
586 1390 696 1464 solius
722 1392 861 1464 servent
876 1391 1097 1491 flagrantque
1113 1418 1187 1467 am·

123 1514 262 1589 bitione
278 1512 476 1613 potestatis.

172 1635 322 1730 Propter
337 1625 457 1726 quod,
476 1639 516 1698 ut
532 1648 642 1724 supra
657 1623 854 1721 tetigimus,
875 1625 1107 1724 quamplures
1122 1627 1187 1699 hu·

119 1745 281 1847 Jnsmodi
298 1743 505 1843 principum
521 1739 828 1837 conjurationem,
848 1756 883 1813 et
903 1741 949 1813 ab
971 1743 1072 1815 initio
1094 1758 1186 1817 etex

123 1876 207 1965 post
232 1859 346 1952 facto,
366 1857 528 1932 detestati
547 1881 688 1956 semper
700 1872 735 1930 et
752 1855 949 1930 abominati
968 1857 1123 1953 luerunt,
1144 1885 1187 1932 ex

125 1990 258 2055 eventu
293 1976 411 2049 solum
444 1974 598 2048 etexitu
621 1999 740 2047 rerum
769 1973 1013 2047 humanorum
1038 1990 1186 2048 actuum

122 2093 321 2171 bonitatem
333 2092 390 2166 vel
403 2091 574 2164 malitiam
590 2090 789 2163 metientes.
808 2094 860 2162 De
873 2117 946 2189 quo
964 2093 1048 2164 satis
1061 2118 1182 2193 supra,

124 2221 298 2308 quantum
314 2207 415 2280 locus
431 2209 506 2306 ipse
522 2230 670 2305 poscere
682 2205 885 2297 videbatur,
903 2230 923 2277 a
940 2206 1046 2279 nobis
1062 2208 1186 2281 disser-

124 2339 203 2397 tum
219 2338 290 2416 est,
310 2324 392 2421 qui,
412 2323 555 2421 qualem
578 2324 730 2419 quisque
747 2322 987 2396 intentionem
1003 2322 1105 2396 initio
1123 2324 1186 2398 ha·

124 2438 241 2533 beret,
261 2439 306 2510 ad
323 2452 462 2511 certum
474 2438 635 2535 judicare
650 2461 725 2509 non
752 2461 955 2535 possumus.
979 2444 1022 2511 Et
1042 2439 1186 2513 difficile

124 2555 321 2656 plurimum
352 2571 445 2627 esset
472 2555 578 2652 quin,
602 2556 639 2625 in
669 2566 767 2626 tanta
792 2554 1038 2646 multitudiue,
1064 2555 1185 2654 plures

123 2670 242 2769 potius
259 2695 322 2744 sua
338 2672 476 2771 privata
489 2669 700 2755 commoda,
720 2693 830 2766 quam
850 2669 1003 2743 sructum
1018 2672 1187 2746 reforma·

123 2786 231 2858 tionis
256 2786 460 2886 reipublicae
482 2801 517 2858 et
534 2786 623 2859 boni
640 2785 774 2884 publici
792 2786 977 2860 utilitatem
991 2790 1186 2861 consectati

124 2900 294 2992 luissent3
315 2903 377 2975 sed
400 2904 508 2974 etiam
533 2927 607 2974 non
628 2901 720 2973 adeo
742 2903 874 2974 malam
893 2903 939 2974 de
959 2904 1099 2994 multis,
1123 2906 1185 3002 qui

125 3015 293 3092 intereos
307 3033 426 3112 erant,
440 3019 711 3090 {estimationem
722 3018 817 3113 juste
833 3017 966 3089 habere
980 3043 1183 3117 possemus,

124 3144 301 3206 utomnes
313 3134 506 3223 duntaxat,
526 3158 605 3229 quae
623 3158 688 3205 sua
707 3150 815 3224 sunt,
831 3134 1058 3231 quaesivisse,
1078 3133 1186 3207 nihil·

126 3272 197 3346 que
212 3249 374 3324 debono
392 3250 538 3351 publico
557 3275 718 3344 curasse,
736 3250 964 3324 damnemus.

175 3369 267 3440 Cum
282 3369 402 3467 itaque
418 3368 464 3440 de
485 3366 693 3464 hujusmodi
716 3382 867 3440 tractatu
887 3385 921 3441 et
939 3366 1186 3467 pacificatione

127 3481 220 3555 facta
236 3506 334 3557 anno
350 3484 496 3557 Domini
519 3481 708 3557 millesimo
726 3483 1077 3582 quadringentesimo
1091 3509 1186 3558 sesa·

127 3596 263 3694 gesimo
288 3599 435 3697 quinto,
466 3623 587 3672 mense
613 3597 824 3697 novembri,
849 3599 947 3699 apud
972 3600 1094 3672 villam
1123 3625 1187 3672 seu

126 3726 282 3786 castrum
310 3713 373 3786 ubi
404 3717 550 3787 suntin
578 3738 692 3787 unum
713 3714 935 3788 confluentes
958 3719 1124 3815 Sequana
1150 3730 1186 3787 et

125 3832 221 3902 Isara
234 3833 257 3921 ¹,
288 3827 361 3903 dux
387 3830 579 3922 Borbonii,
614 3829 677 3928 qui
703 3843 789 3903 tunc
818 3831 937 3905 adhuc
972 3830 1185 3924 Rothomagi

166 4009 193 4066 l.
218 4005 353 4086 Corrigez
374 4008 519 4063 Matrona.
542 4003 705 4085 Singulibre
724 4022 836 4079 erreur,
855 4006 905 4084 qui
924 4026 1036 4087 prouve
1053 4003 1186 4066 combien

125 4113 184 4173 peu
196 4095 321 4154 l’auteur
333 4094 506 4153 connaissait
519 4093 561 4154 les
573 4093 710 4154 environs
724 4092 760 4152 de
774 4095 863 4157 Paris.
878 4098 920 4155 La
935 4095 1103 4176 periphrase
1117 4094 1187 4153 dont

127 4182 147 4242 il
159 4202 190 4243 se
200 4198 259 4244 sert
269 4197 312 4245 est
322 4205 398 4264 pour
410 4183 544 4263 designer
556 4185 584 4242 le
596 4183 716 4244 chateau
733 4185 769 4245 de
778 4187 927 4262 Conllans;
944 4186 1015 4246 mais
1029 4206 1067 4246 au
1080 4186 1139 4246 lieu
1149 4185 1186 4244 de
