3384 5184
385 534 442 590 174
655 531 911 591 HISTORIARUM
930 529 1108 590 Luoovlct
1128 531 1171 588 XI

325 739 326 748 χ
386 662 573 754 machinis,
592 659 727 733 vexiliis
742 675 777 732 et
788 659 997 753 ordinibus,
1016 660 1276 752 existimarant,
1296 657 1445 732 obsesso

385 777 504 851 adhuc
530 776 685 877 oppido,
710 777 919 875 tempestive
944 799 1049 877 posse
1075 774 1232 874 praebere
1257 801 1446 848 succursus

385 895 527 985 solatia,
546 896 632 966 etin
648 918 808 992 campos,
827 893 923 969 velut
939 893 1135 992 potentiam
1151 892 1448 989 Burgundionum

384 1010 479 1083 bello
496 1011 708 1108 aggressuri,
728 1011 898 1082 exierant.
915 1008 1069 1098 Quibus,
1087 1009 1260 1080 exstincto
1271 1022 1313 1079 'et
1328 1009 1447 1080 exciso

385 1128 534 1227 oppido,
549 1127 692 1198 illustris
708 1150 830 1197 comes
843 1124 888 1198 de
900 1126 1097 1214 Clzoroloia
1112 1139 1213 1223 petre
1228 1139 1296 1196 suo
1313 1126 1350 1196 in
1367 1139 1447 1198 tuto

384 1242 501 1315 locato
518 1243 596 1339 (qui
615 1242 652 1312 in
674 1241 759 1312 sella
779 1242 969 1338 gestatoria
985 1241 1031 1313 ad
1049 1240 1295 1324 obsidendum
1310 1241 1448 1312 Dinan-

385 1372 462 1429 tum
479 1383 517 1428 se
533 1351 662 1428 deferri
678 1355 833 1452 fecerat),
849 1382 933 1430 cum
950 1357 1063 1455 copiis
1078 1357 1150 1428 suis
1165 1356 1365 1454 intrepidus
1378 1355 1448 1428 ob-

385 1475 479 1546 viam
495 1473 606 1545 venit.
622 1473 706 1561 Sed,
722 1474 775 1544 uti
788 1473 887 1565 aliaS,
905 1473 1031 1544 animis
1044 1486 1150 1569 atque
1163 1472 1299 1544 viribus
1315 1495 1448 1571 pavore

385 1589 530 1679 defecti,
549 1589 595 1660 ad
616 1588 808 1687 petendam
828 1581 1004 1687 supplices
1019 1588 1178 1677 veniam,
1197 1603 1233 1661 et
1249 1613 1321 1660 suan
1336 1603 1448 1660 terne-

386 1707 496 1778 ritatis
508 1721 615 1803 atque
630 1704 915 1803 praesumptionis
927 1702 1199 1799 indulgentiam,
1213 1723 1290 1777 sese
1299 1728 1448 1776 conver·

385 1837 517 1895 terunt.
538 1823 723 1919 Sapienter
741 1820 901 1918 quidem.
922 1823 1011 1892 Nam
1028 1821 1058 1892 si
1075 1819 1121 1892 ad
1138 1835 1318 1893 certamen
1335 1844 1448 1919 usque

385 1940 642 2036 pervenissent,
657 1935 893 2008 verisimiliter
905 1935 950 2006 de
961 1935 1056 2034 ipsis,
1071 1936 1131 2033 qui
1146 1938 1282 2033 majore
1294 1962 1336 2010 ex
1348 1953 1448 2036 parte

387 2057 541 2126 inermes
563 2051 816 2151 pedestresque
849 2067 966 2145 erant,
996 2067 1168 2150 tanquam
1192 2053 1238 2126 de
1259 2053 1450 2153 pecoribus

260 2257 266 2264 ‚
288 2249 295 2268 ,
387 2169 591 2256 occisionis,
608 2182 740 2264 strages
757 2171 882 2264 ingens
899 2181 933 2239 et
949 2191 1123 2239 caesorum
1141 2170 1259 2242 acervi
1277 2171 1347 2241 acti
1363 2170 1448 2241 fuis·

387 2301 478 2360 sent.
496 2291 584 2358 Eam
600 2309 688 2356 vero
704 2285 790 2358 dare
804 2310 912 2356 senex
928 2285 986 2356 ille
1005 2285 1188 2384 Philippus
1204 2286 1445 2378 dissuadebat,

387 2425 514 2474 eorum
534 2399 739 2498 perfidiam,
763 2401 942 2471 levitatem
963 2414 999 2471 et
1019 2402 1272 2498 procacitatem
1292 2403 1331 2473 in
1348 2402 1448 2498 jacu-

387 2516 503 2590 landis
523 2515 666 2614 probris
687 2529 721 2586 et
742 2516 968 2588 contumeliis
989 2541 1053 2614 per
1075 2515 1247 2613 plurimas
1267 2518 1362 2590 vices
1389 2543 1449 2590 ex-

388 2647 528 2732 pertus,
550 2631 614 2728 qui
634 2655 775 2730 semper
791 2631 919 2731 perfidi
940 2648 1047 2730 atque
1068 2615 1240 2730 foedifragi
1258 2639 1334 2707 'esse
1359 2660 1448 2708 con·

387 2750 597 2842 suevissent.
612 2747 801 2847 Cupiebat,
812 2774 896 2820 curn
908 2763 1111 2847 opportune
1124 2749 1160 2820 in
1173 2749 1304 2848 patulis
1316 2751 1450 2850 campis

385 2866 518 2963 reperti
528 2879 656 2953 essent,
669 2865 714 2936 de
725 2889 789 2936 sua
797 2863 1071 2963 perfidia(quod
1081 2869 1447 2960 centrasacramenta,

387 2982 517 3055 totiens
533 2989 554 3052 a
574 3005 611 3052 se
632 2981 787 3080 praestita
806 2993 840 3050 et
857 2981 957 3072 data,
978 2979 1213 3079 sigillatasque
1230 3007 1347 3082 nuper
1366 3005 1449 3057 cau·

385 3101 501 3173 tiones
521 3098 719 3194 venissent)
741 3121 865 3194 poenas
888 3111 924 3169 et
947 3097 1120 3198 supplicia
1141 3096 1260 3171 debita
1293 3100 1446 3198 reposci.

386 3215 456 3286 Sed
482 3212 716 3286 nihilominus
738 3210 881 3282 illustris
906 3211 1000 3283 iltius
1026 3215 1167 3285 comitis
1193 3213 1239 3285 de
1266 3213 1451 3288 Charofois

385 3332 465 3430 pius
482 3346 517 3403 et
537 3332 693 3402 clemens
713 3329 870 3418 animus,
894 3327 941 3400 ad
962 3331 1245 3404 misericordiam
1264 3332 1383 3429 potius
1398 3344 1452 3405 est

385 3446 552 3536 inflexus,
578 3459 705 3542 agente
726 3444 922 3543 plurimum
939 3460 974 3518 et
995 3473 1061 3546 pro
1081 3448 1165 3546 ipsis
1183 3448 1320 3520 miseris
1338 3449 1450 3522 inter·

385 3562 549 3634 veniente
572 3563 703 3633 comite
726 3562 982 3655 Sancti-Pauli,
1006 3565 1068 3660 qui
1090 3577 1165 3634 tum
1187 3563 1306 3636 adhuc
1327 3563 1395 3638 sibi
1413 3565 1451 3636 in

385 3703 452 3751 suo
470 3679 627 3750 exercitu
643 3677 844 3752 militabat¹.
863 3683 954 3768 Data
970 3694 1024 3752 est
1039 3679 1158 3777 itaque
1175 3681 1260 3778 ipsis
1275 3681 1398 3773 venia,
1417 3693 1453 3752 et

385 3801 470 3899 quia
499 3799 535 3871 in
569 3801 792 3872 exsolutione
824 3815 934 3899 pactae
963 3810 1111 3899 perante
1143 3801 1303 3898 pecuuiae
1332 3825 1453 3875 moras

427 4016 455 4074 1,
478 4013 566 4072 louis
585 4012 621 4072 de
641 4009 869 4090 Lnxembourg,
889 4011 1018 4090 quoique
1039 4031 1155 4090 pourvu
1183 4013 1220 4082 de
1242 4013 1271 4074 ia
1291 4013 1399 4096 charge
1415 4016 1452 4076 de

385 4101 558 4160 connetabfe
574 4102 611 4160 de
631 4103 741 4160 Franco
763 4105 822 4158 lors
846 4101 882 4159 de
905 4101 932 4159 la
955 4101 1041 4160 curee
1059 4100 1110 4161 des
1127 4103 1223 4182 places
1240 4107 1278 4162 οὺ
1296 4103 1408 4164 oboutit
1424 4105 1452 4164 la

384 4210 489 4272 guerre
503 4190 543 4249 du
563 4192 635 4249 Bien
657 4189 771 4268 public,
793 4208 830 4248 ne
851 4189 958 4248 laissait
977 4209 1028 4267 pos
1045 4190 1081 4248 de
1095 4192 1189 4251 servir
1204 4211 1309 4250 encore
1323 4193 1394 4254 dans
1408 4193 1452 4253 les

384 4279 496 4340 mmdes
511 4279 779 4360 bourguignonnes.

1110 4483 1142 4496 ψ
