3322 5172
372 413 388 448 Q

343 581 401 638 us
568 655 573 660 Ι
614 577 870 664 nrsrormapu
889 573 1067 634 Lunovmt
1086 576 1130 632 x1

393 706 507 805 Hujus
532 684 651 780 aulem
678 705 937 780 incertitudinis
961 719 1067 801 atque
1093 701 1285 776 dubietatis
1309 705 1400 778 ratio

343 837 431 913 erat,
450 820 563 921 quod,
583 846 666 894 cum
683 833 990 922 perscrutarentur
1006 818 1043 890 in
1059 817 1181 916 praelio
1197 818 1290 913 eaesi,
1308 819 1402 891 inter

343 953 501 1037 caeteros,
518 939 580 1036 qui
592 937 688 1011 bello
700 938 916 1027 ceciderant,
932 960 1007 1008 non
1020 935 1293 1032 agnoscebatur.
1312 937 1403 1008 Fue·

237 1056 246 1075 '
342 1067 398 1128 rat
419 1055 552 1157 quippe
573 1069 680 1127 nocte
699 1055 797 1128 diem
817 1067 1004 1151 sequente,
1028 1077 1102 1149 quo
1123 1051 1284 1148 praelium
1299 1075 1403 1126 com-

286 1155 296 1175 *
343 1171 490 1242 missum
503 1184 568 1263 est,
586 1170 667 1267 gelu
679 1170 912 1262 acerrimum,
933 1166 1042 1260 unde,
1058 1190 1143 1239 cum
1157 1191 1271 1266 prope
1288 1168 1404 1265 quod-

341 1287 427 1366 dam
452 1287 623 1359 iossatum
652 1309 716 1358 seu
742 1283 899 1359 rivulum
925 1283 1121 1383 quemdam
1148 1307 1280 1382 corpus
1308 1282 1401 1386 ejus,

290 1373 304 1398 ⁸
340 1427 470 1502 parum
495 1403 533 1474 in
559 1416 691 1475 terram
720 1403 819 1475 vultu
843 1425 1039 1490 converso,
1068 1401 1253 1472 inventum
1279 1413 1336 1490 et,
1365 1413 1406 1470 ut

340 1531 594 1615 agnosceretur
617 1519 741 1617 ipsene
768 1533 879 1610 esset,
906 1513 1067 1591 adhibita
1093 1517 1130 1588 vi
1157 1516 1405 1614 resupinatum

224 1627 230 1637 ’
334 1633 475 1726 ium,
493 1659 537 1706 eo
552 1625 653 1733 quod
665 1633 771 1707 facies
787 1647 900 1724 terrae,
917 1634 976 1706 cui
989 1630 1217 1731 jungebatur,
1232 1647 1405 1705 concreto

341 1744 532 1824 durissimo
550 1752 633 1848 gelu
650 1750 859 1843 inhaesisset,
880 1763 955 1821 tota
971 1747 1072 1848 pellis
1090 1747 1205 1839 laeiei,
1223 1746 1321 1820 unde
1337 1747 1405 1822 viri

341 1865 472 1966 effigies
496 1864 659 1964 dignosci
685 1880 873 1968 potuerat,
900 1863 1040 1937 divulsa
1065 1888 1087 1938 a
1111 1887 1219 1956 carne
1241 1863 1280 1935 in
1312 1877 1406 1936 terra

341 1997 572 2056 remanserat.
589 1982 692 2056 Unde
701 1981 749 2056 ad
759 1998 895 2056 certum
906 1981 986 2081 quis
997 1993 1090 2055 esset
1100 1979 1289 2077 dijudicari
1300 1979 1405 2080 [non]

340 2111 494 2196 poterat.
514 2096 585 2169 Sed
603 2121 687 2172 cum
707 2097 755 2170 ad
771 2100 892 2172 locum
911 2099 1102 2198 ipsumque
1119 2095 1308 2171 visendum
1324 2099 1408 2194 qui-

341 2211 426 2286 dam
439 2211 585 2284 fuissent
598 2211 759 2308 adducti,
776 2215 840 2312 qui
852 2217 887 2286 ei
898 2215 936 2286 in
951 2237 1092 2288 camera
1105 2225 1141 2286 et
1157 2211 1408 2286 secretioribus

341 2327 585 2400 ministrarant
617 2329 858 2430 eumdemque
897 2329 1105 2404 familiarius
1137 2345 1404 2427 cognoverant,

270 2489 275 2496 ·
343 2444 462 2546 ipsum
482 2459 561 2517 tum
585 2469 628 2517 ex
652 2445 870 2543 quibusdam
889 2445 1055 2545 eorporis
1078 2446 1134 2518 sui
1157 2444 1407 2520 secretioribus
1453 2457 1457 2475 ¹

341 2561 437 2634 notis
451 2575 685 2657 agnoscentes
692 2565 712 2652 ¹,
730 2577 845 2636 totam
861 2559 1151 2635 incertitudinem
1166 2575 1214 2658 et,
1233 2586 1311 2662 quae
1321 2561 1408 2636 hac·

343 2688 447 2746 tenus
464 2674 628 2750 dubietas
645 2677 772 2769 tuerat,
792 2676 1020 2776 depulerunt.

391 2789 568 2863 Dicebant
592 2803 714 2864 autem
737 2791 921 2883 nonnulli,
947 2775 997 2863 ut'
1009 2789 1183 2882 diximus,
1209 2815 1295 2866 eum
1315 2795 1408 2866 inter

343 2904 475 2979 densos
503 2904 666 3004 peditum
697 2906 978 2980 Alemannorum
1009 2905 1136 3005 globos
1169 2907 1338 2982 cecidisse
1371 2923 1409 2981 et

344 3019 572 3114 occubuisse;
597 3022 743 3095 luerunt
759 3047 846 3096 vero
870 3022 931 3096 alii
957 3023 1020 3121 qui
1046 3022 1206 3095 dicerent
1232 3048 1332 3118 eum,
1361 3023 1409 3098 de

344 3137 466 3235 praelio
481 3135 688 3236 fugientem,
706 3137 753 3212 ab
767 3138 897 3236 ignotis
909 3138 1210 3240 comprehensum
1227 3154 1263 3213 et
1278 3163 1409 3214 caesum

345 3250 463 3324 fuisse.
982 3253 984 3260 ⁴

397 3372 551 3467 Raptum
564 3384 684 3442 auteur
694 3369 769 3464 ejus
780 3391 912 3467 corpus
925 3370 1026 3468 jussu
1040 3371 1141 3446 ducis
1157 3372 1406 3471 Lotharingiae,

346 3483 416 3555 suit
429 3484 645 3583 perductum
658 3489 865 3582 Nanceyum
881 3488 967 3560 etin
982 3488 1132 3562 eeclesia
1143 3489 1411 3564 Sancti-loban-

347 3599 414 3690 nis,
433 3624 547 3700 parvo
563 3601 646 3674 satis
658 3599 816 3697 honore,
836 3605 1054 3678 tumulatum
1062 3609 1084 3678 ⁸.

398 3719 441 3790 Et
456 3715 517 3790 hic
532 3716 647 3790 exitus
663 3734 699 3792 et
715 3717 796 3793 finis
811 3718 957 3794 vivendi
973 3735 1080 3820 atque
1094 3719 1327 3820 belligerandi
1343 3725 1410 3796 Ca-

223 3939 227 3948 ·
348 3833 442 3927 rolo,
457 3833 584 3910 illustri
597 3836 894 3933 Burgundionum
910 3837 1008 3934 duci,
1025 3837 1109 3932 suit;
1128 3839 1257 3938 inquo
1272 3863 1410 3914 mascu-

390 4061 420 4118 t.
441 4059 495 4119 Ges
517 4077 654 4138 mar-ques
672 4069 739 4118 sont
756 4057 903 4139 spddlides
916 4077 970 4138 par
983 4057 1115 4132 Molinet,
1131 4071 1153 4118 t.
1166 4062 1193 4132 1,
1210 4079 1238 4121 e.
1256 4079 1348 4120 xxxv.

391 4148 420 4225 ²:
443 4146 468 4205 11
487 4146 530 4206 fut
542 4147 663 4207 inhume
680 4165 741 4206 non
755 4167 807 4228 pas
828 4150 845 4206 a
864 4146 1045 4223 Saint-Jeun,
1061 4148 1134 4207 mais
1153 4151 1169 4208 a
1188 4147 1414 4229 Sciat-Georges

350 4233 387 4294 de
402 4234 504 4296 Nanci.
522 4235 746 4311 Charias-Quint
759 4237 790 4295 fit
807 4237 963 4298 transle'rer
974 4258 1020 4298 ses
1034 4251 1123 4299 restes
1138 4241 1154 4298 l
1167 4243 1363 4299 Nous-Deme
1376 4238 1413 4298 de

352 4328 475 4406 Bruges,
487 4323 526 4384 od
539 4324 576 4384 ils
589 4337 653 4384 sont
668 4343 784 4388 encore.
