3282 5168
374 529 431 586 aas
644 525 900 584 unroanuuu
920 524 1097 584 cuuouct
1116 525 1159 582 xr
1285 499 1287 504 ’

372 663 563 738 viciniores
585 657 737 756 graviter
767 655 1018 750 infestabant,
1037 657 1211 732 incendiis
1237 675 1276 734 et
1297 661 1431 761 rapinis

372 794 502 856 cuncta
515 798 595 876 quae
610 789 779 878 poterant
791 775 1024 848 devastantes.

421 894 549 968 Sed'et
562 895 670 990 louge
685 894 819 965 caeteris
834 889 996 966 cladibus
1014 891 1156 988 gravius
1170 893 1204 966 ei
1219 893 1433 968 imminebat

372 1011 547 1088 exercitus
574 1010 693 1108 regius
715 1007 847 1105 rexque
872 1006 948 1105 ipse
976 1011 1217 1099 Francorum,
1248 1011 1310 1107 qui
1341 1033 1433 1084 con·

373 1127 491 1201 tractis
509 1126 672 1200 maximis
696 1124 822 1221 copiis,
841 1136 918 1194 tam
934 1122 1097 1220 equiturn
1116 1149 1226 1221 quam
1250 1124 1428 1222 peditum,

372 1259 483 1316 terras
509 1239 681 1335 Picardiae
705 1253 741 1312 et
760 1237 963 1350 ¹Hannoniae
983 1239 1188 1334 gravissime
1203 1239 1429 1336 affligebant,

372 1357 570 1449 incendiiS,
589 1355 747 1430 caedibus
763 1369 800 1428 et
818 1353 953 1454 rapinis
967 1369 1099 1430 cuncta
1121 1357 1356 1454 complentes.
1375 1361 1433 1430 ln-

372 1486 556 1546 cursantes
578 1471 712 1572 quippe
731 1493 773 1542 en
795 1467 978 1544 Ambianis
1002 1483 1038 1542 et
1060 1469 1211 1544 Belvaco
1229 1495 1336 1567 agros
1352 1471 1432 1548 iilos

371 1588 587 1662 vastissimos
603 1587 746 1662 Artesiae
762 1599 798 1658 et
813 1586 1003 1658 comitatus
1017 1586 1158 1658 Pontivi
1168 1591 1190 1678 ¹,
1210 1601 1340 1660 cuncta
1355 1613 1433 1660 vas-

372 1699 483 1782 tando
501 1700 676 1774 incendiis
694 1714 730 1772 et
749 1697 878 1796 praedis
893 1697 1101 1795 diripiendo
1116 1697 1163 1772 ad
1179 1712 1304 1797 portas
1319 1725 1432 1799 usque

372 1816 551 1906 Atrebati,
581 1816 743 1890 etaltera
771 1815 850 1886 vice
874 1837 990 1912 usque
1019 1813 1067 1886 ad
1091 1829 1212 1912 portas
1237 1815 1364 1916 oppidi
1388 1817 1432 1890 de

372 1932 528 2008 Hordirtc
543 1946 775 2034 penetrarunt
792 1944 827 2003 et
843 1929 1079 2004 devenerunt.

420 2051 525 2147 Apud
549 2048 760 2123 Atrebatum
785 2061 906 2122 autem
930 2060 1101 2146 posuerat
1123 2047 1433 2146 durssurgundiae

257 2250 258 2253 Ἴ
371 2165 559 2238 dominum
577 2165 752 2237 Jacobum
774 2168 798 2254 ¹,
825 2164 970 2236 fratrem
992 2163 1133 2244 comitis
1159 2167 1430 2260 Sancti-Pauli,

370 2279 624 2360 constabularii
641 2281 818 2368 Franciae,
840 2293 876 2352 et
890 2280 1061 2352 comitem
1077 2279 1123 2352 de
1142 2285 1327 2372 Romcut³,
1348 2285 1433 2358 alte-

290 2453 294 2460 .
345 2471 348 2482 ¹
372 2419 451 2468 runr
472 2395 755 2494 exprincipibus
778 2396 955 2492 germanis
980 2394 1167 2468 Sabaudiae
1191 2395 1317 2488 ducis,
1348 2423 1433 2472 cum

371 2524 469 2583 certo
481 2513 636 2585 militum
647 2511 812 2611 praesidio
825 2511 986 2608 equitum
1002 2535 1043 2584 ac
1058 2511 1219 2610 peditum
1233 2565 1243 2604 ,
1258 2513 1335 2611 qui,
1348 2539 1432 2590 cum

371 2630 533 2726 quodam
549 2629 626 2723 die,
646 2655 667 2706 a
683 2628 820 2702 civibus
835 2642 870 2700 ct
886 2628 1024 2727 populo
1041 2627 1140 2700 urbis
1164 2630 1369 2728 compulsi,
1387 2631 1430 2704 ad

370 2749 604 2824 debellandos
619 2751 742 2824 hostes
757 2750 925 2822 exiissent
945 2773 1030 2820 curn
1046 2750 1153 2822 armis
1169 2764 1292 2849 portas
1307 2751 1433 2826 civita·

370 2883 445 2958 tes,
463 2869 634 2964 contigit,
658 2892 742 2940 curn
766 2863 969 2963 improvide
990 2879 1027 2936 et
1045 2864 1167 2938 minus
1187 2880 1291 2938 caute
1309 2865 1432 2942 hostes

370 2999 692 3085 prosequerentur,
732 2995 771 3056 ut
805 2981 944 3054 insidiis
979 2980 1141 3054 bostium
1171 2981 1427 3076 circumventi,

370 3099 490 3199 plures
511 3116 586 3173 tarn
609 3123 652 3172 ex
669 3095 872 3194 equitibus,
900 3119 1011 3192 quam
1028 3093 1210 3194 peditibus
1230 3111 1267 3168 et
1282 3097 1431 3197 plebeiis

308 3310 311 3318 ι
369 3217 521 3291 civitatis
548 3209 632 3290 satis
663 3214 868 3286 immaniter
897 3211 1183 3303 trucidarentur,
1218 3230 1255 3288 et
1283 3216 1430 3315 plurimi

368 3333 500 3430 captivi
521 3332 774 3419 ducerentur⁸,
796 3329 889 3401 inter
905 3353 998 3426 quos
1018 3344 1054 3401 et
1074 3329 1241 3430 praefatus
1261 3331 1430 3406 doruinns

368 3446 524 3518 Jacobus
537 3447 584 3520 de
600 3443 860 3518 Sancto-Paulo
876 3459 1004 3542 captus
1019 3443 1105 3539 tuit,
1123 3459 1160 3518 et
1172 3445 1222 3520 ad
1232 3471 1353 3543 regem
1366 3449 1428 3522 ad·

368 3563 515 3654 ductus,
534 3587 639 3660 aquo
658 3561 776 3634 adhuc
790 3559 899 3634 hodie
915 3565 1194 3634 coasservatur⁸.

407 3828 436 3884 i.
461 3850 476 3878 ι
491 3828 545 3883 les
560 3841 733 3903 campagnes
746 3821 783 3880 de
795 3819 912 3879 l'Artcis
926 3833 955 3878 et
968 3818 1008 3878 dn
1021 3818 1174 3879 Ponthieu.
1192 3845 1206 3875 ι

404 3917 432 3975 2.
457 3919 579 3994 Jacqnes
593 3913 629 3972 de
646 3911 865 3990 Luxembonrg,
883 3911 1019 3990 seigneur
1033 3909 1071 3970 de
1081 3909 1277 3990 Riobebonrg.

405 4009 434 4064 3.
456 4009 579 4082 Jacques
593 4002 629 4062 de
643 4002 759 4077 savoie,
773 4015 867 4060 comte
880 3999 917 4059 de
930 4003 1056 4063 Romont
1069 3998 1142 4060 dans
1156 4001 1183 4060 ie
1199 4019 1270 4080 pays
1284 3999 1321 4062 de
1332 4004 1424 4060 vaux.

406 4099 435 4153 a.
458 4099 499 4156 12
519 4098 556 4154 ar
576 4094 639 4170 Jutn
659 4096 749 4153 tua.
1405 4109 1409 4118 ’

406 4189 436 4247 rt.
459 4189 571 4246 Preuve
582 4205 639 4265 que
653 4183 713 4244 ceci
724 4203 742 4243 a
752 4184 798 4244 ite
808 4182 880 4245 derit
890 4201 950 4262 peu
960 4183 1046 4264 apris
1056 4181 1260 4258 l’t'rreuement,
1273 4201 1335 4258 car,
1347 4181 1425 4242 selon

368 4275 546 4348 Commines,
563 4273 592 4336 la
606 4275 706 4354 prison
719 4272 755 4332 de
771 4292 804 4332 ce
819 4272 955 4352 seigneur
967 4275 1012 4332 fut
1021 4271 1059 4331 de
1073 4285 1173 4332 courtc
1184 4271 1285 4332 durio.
