3402 5186
357 569 395 626 80
625 558 882 622 fflstomattunt
899 557 1078 614 LUDOVICI
1097 556 1141 612 xl

356 700 458 795 logice
482 696 675 796 professor,
705 695 895 792 episcopus
921 690 1164 780 Abrineeusis,
1193 701 1229 760 et
1255 687 1421 782 magister

357 813 522 888 Nicolaus
543 811 590 886 de
616 813 758 900 Bosco¹,
784 807 1010 881 bachelarius
1033 807 1070 878 in
1096 827 1197 878 sacra
1220 801 1418 899 theologia,

356 931 515 1004 decanus
539 926 849 1023 Rotbomagensis,
872 907 956 995 cuni
977 919 1194 1021 quibusdam
1212 918 1335 1018 patriae
1354 916 1424 989 ad-

355 1048 491 1121 vocatis
510 1073 519 1116 τ
536 1045 603 1118 viri
621 1042 767 1142 quidem
781 1040 879 1114 docti
893 1055 929 1114 et
942 1040 1147 1111 litteraturae
1163 1033 1418 1133 competentis,

356 1164 419 1238 sed
437 1163 561 1238 talium
578 1185 713 1248 rerum,
732 1183 820 1258 quas
837 1155 1040 1229 tractandas
1058 1152 1312 1253 suscipiebant,
1332 1147 1423 1222 nibil

355 1295 417 1353 aut
430 1279 537 1351 nimis
554 1301 682 1376 parum
699 1272 851 1373 experti3
869 1272 1044 1344 habentes
1061 1269 1208 1368 quidem
1226 1267 1342 1340 zelum
1359 1265 1423 1338 bo·

354 1421 443 1469 uum
462 1419 503 1466 ac
523 1392 737 1485 ferventem,
759 1391 822 1464 sed
842 1415 916 1462 non
938 1387 1137 1462 secundum
1158 1386 1363 1476 scientiam,
1384 1396 1425 1455 ut

282 1496 285 1504 ,
355 1508 544 1612 Apostolus
569 1507 614 1581 de
637 1506 855 1607 quibusdam
878 1506 950 1578 suis
975 1502 1239 1578 contribulibus
1262 1501 1424 1600 loquitur

353 1627 391 1698 in
414 1624 570 1724 Epistola
586 1623 632 1696 ad
653 1628 847 1696 Romanos.
867 1619 976 1711 Quod
996 1645 1016 1692 e
1033 1618 1183 1716 vestigio
1200 1643 1321 1692 rerum
1337 1642 1424 1717 pro-

356 1766 496 1838 gressus
512 1739 719 1814 declaravit.
739 1744 894 1811 Tantum
914 1738 1012 1809 enim
1032 1736 1098 1808 sibi
1120 1735 1209 1808 salso
1225 1734 1270 1806 de
1287 1733 1425 1808 officia·

355 1856 463 1949 lium,
492 1855 556 1954 qui
581 1857 627 1928 ad
654 1855 749 1953 regia
774 1852 958 1954 vectigalia
982 1851 1134 1925 levanda
1161 1867 1197 1924 et
1223 1850 1424 1948 colligenda

355 1971 520 2071 deputari
535 1982 810 2061 consueverant,
830 1967 1126 2041 concussionibus
1143 1981 1177 2038 et
1194 1966 1327 2067 rapinis
1343 1990 1425 2064 per·

355 2101 552 2177 suaserant,
567 2085 681 2182 quod,
699 2084 940 2156 diminutione
956 2084 1047 2156 iacta
1061 2083 1109 2156 ad
1127 2083 1353 2156 medietatem
1368 2079 1426 2154 vel

358 2200 511 2300 amplius
530 2199 751 2296 gabellarum
768 2198 850 2270 salis
871 2213 906 2270 et
931 2199 1050 2296 quarti
1072 2197 1209 2272 denarii
1234 2197 1428 2297 potionum

356 2341 436 2416 quae
453 2313 499 2388 ad
516 2313 701 2387 tabernam
719 2310 941 2407 venduntur,
963 2339 1159 2403 summam,
1181 2338 1260 2412 quae
1278 2310 1425 2385 indeed

357 2456 479 2530 regem
487 2443 721 2503 consueverat
732 2431 932 2530 pervenire,
949 2429 1081 2503 confici
1092 2445 1127 2503 et
1140 2431 1311 2504 resultare
1321 2454 1427 2529 posse

357 2561 553 2650 sperarent.
574 2546 743 2620 Similiter
756 2547 864 2620 etiam
880 2547 927 2620 de
944 2547 1101 2622 collectis
1118 2571 1181 2620 seu
1200 2544 1321 2638 talliis,
1338 2545 1427 2617 rele-

358 2665 479 2738 vando
495 2663 695 2763 quamlibet
707 2665 916 2764 parochiam
931 2664 978 2737 de
993 2665 1095 2737 tertia
1111 2662 1167 2736 vel
1183 2678 1310 2761 quarta
1325 2677 1426 2761 parte

358 2804 507 2854 summee
532 2780 608 2876 ejus
633 2803 742 2876 quam
775 2803 874 2851 anno
902 2779 1116 2879 praecedenti
1150 2776 1423 2877 dependissent,

360 2895 592 2969 confidebant
612 2919 717 2994 posse
734 2919 929 2983 summam,
951 2920 1059 2994 quam
1078 2896 1155 2993 regi
1167 2896 1425 2994 promiserant,

360 3013 541 3111 complere
554 3026 661 3108 atque
675 3011 847 3110 perficere
863 3040 871 3082 :
886 3011 936 3083 illi
951 3011 1065 3086 innixi
1077 3011 1312 3085 fundamento
1326 3008 1428 3108 quod

360 3128 620 3202 advocatorum
655 3127 712 3198 vel
746 3128 923 3226 imperitia
961 3128 1017 3202 vel
1049 3128 1155 3202 dolus
1183 3128 1424 3218 confinxerat,

362 3246 568 3344 eisdemque
578 3267 787 3344 persuasum
801 3244 1053 3342 feceratquod,
1067 3261 1239 3346 quantam
1250 3246 1296 3319 de
1308 3245 1429 3342 hujus-

361 3361 504 3434 cemodi
521 3360 661 3433 tributis
677 3373 785 3457 atque
799 3361 1028 3460 vectigalibus
1044 3362 1200 3446 lacerent
1218 3361 1427 3435 diminutio-

362 3502 464 3569 nem,
487 3475 712 3551 tantumdem
733 3480 926 3574 quotannis
957 3479 1010 3552 vel
1037 3480 1191 3580 amplius
1217 3480 1369 3579 praedari
1393 3495 1428 3554 et

360 3617 489 3692 capere
506 3591 674 3666 officiales
688 3591 905 3669 tributorum
921 3595 1027 3668 variis
1043 3611 1078 3670 et
1095 3596 1277 3696 exquisitis
1292 3592 1426 3667 machi·

359 3711 538 3783 namentis
555 3727 799 3783 consuessent.

411 3829 454 3898 Et
475 3825 636 3925 prolecto
656 3824 801 3899 infitiari
828 3851 903 3899 nou
927 3844 1044 3928 potest
1069 3832 1156 3928 quin
1190 3857 1253 3931 per
1280 3831 1430 3904 eosdem

362 3940 532 4015 officiales
558 3941 691 4034 multa,
719 3944 1019 4017 concussionibus
1045 3961 1081 4018 et
1109 3949 1216 4020 variis
1244 3948 1430 4022 fraudibus

361 4073 468 4158 atque
482 4059 591 4154 dolis,
610 4057 927 4158 aprovincialibus
945 4061 1035 4134 ultra
1052 4064 1289 4136 constitutum
1306 4080 1425 4138 extor-

401 4245 429 4299 t.
453 4241 568 4302 Nicolas
581 4239 623 4300 du
637 4245 729 4315 Bosc,
743 4238 841 4318 doyen
855 4240 895 4300 du
910 4243 1044 4324 Chapitre
1064 4244 1101 4304 de
1120 4249 1239 4321 Romen,
1260 4259 1343 4306 autre
1363 4265 1431 4326 per·

359 4349 489 4410 manage
502 4329 559 4390 fort
574 4327 708 4410 employt
724 4349 800 4410 pour
813 4329 841 4390 la
854 4329 1068 4394 rehabilitation
1085 4333 1122 4394 de
1137 4333 1164 4392 la
1181 4333 1308 4395 Pucelle.
