3402 5186
395 533 432 592 88
663 533 918 594 fflsromtatm
942 533 1119 594 nuuovrct
1137 538 1180 595 XI

395 689 580 762 nunquam
595 680 700 740 antea
717 679 928 738 attentatum
954 681 1016 739 aut
1040 665 1118 738 fieri
1140 665 1310 765 possibile
1333 667 1451 740 existi·

395 795 532 852 matum
545 803 567 852 a
579 805 762 878 quoquam
774 781 899 872 fuerat,
918 783 1051 882 pariter
1064 781 1294 875 advexerunt,
1314 783 1451 877 iterque

393 896 527 968 eisdem
541 899 703 995 pervium
719 897 924 969 effecerunt.

443 1013 550 1108 Cujus
565 1013 617 1084 rei
633 1037 715 1084 cum
731 1013 825 1084 sama
838 1012 884 1084 ad
900 1013 1108 1104 exer‘citum,
1125 1014 1188 1111 qui
1204 1012 1302 1112 apud
1315 1015 1451 1086 Gerun·
1544 1101 1548 1116 ἢ

393 1125 478 1199 dam
495 1124 680 1227 [reginam]
698 1127 878 1200 obsessam
904 1127 1066 1220 tenebat,
1084 1129 1253 1200 nuntium
1270 1127 1451 1200 velocissi-

395 1269 495 1315 mum
513 1243 706 1336 detulisset,
723 1248 1011 1339 Francorumque
1023 1268 1138 1341 prope
1154 1244 1341 1316 imminere
1356 1269 1452 1316 exer

395 1359 528 1449 citum,
564 1360 720 1432 exterriti
754 1382 879 1430 omnes
911 1373 1019 1456 atque
1057 1359 1297 1449 consternati,
1336 1358 1450 1432 soluta

395 1470 602 1564 obsidione,
628 1474 805 1572 fugerunt.
832 1472 1052 1546 Ferebantur
1076 1473 1114 1544 in
1137 1471 1325 1545 obsidione
1345 1473 1451 1548 luisse

395 1611 502 1686 supra
521 1591 755 1688 quadraginta
780 1590 890 1662 millia
912 1589 1125 1663 bellatorum
1148 1588 1215 1661 sub
1240 1590 1333 1662 duce
1362 1615 1451 1688 quo-

394 1701 491 1794 dam,
510 1707 641 1778 comite
655 1706 700 1778 de
715 1705 869 1776 Pm'llas¹
885 1708 961 1803 qui,
979 1704 1027 1778 ad
1041 1703 1216 1804 stipendia
1229 1703 1322 1778 illius
1338 1707 1451 1802 gentis

394 1821 524 1912 aerarii,
549 1822 649 1919 quod
666 1821 828 1919 generale
848 1820 1038 1895 Cataloniae
1055 1820 1332 1920 nuncupabant,
1360 1827 1450 1894 Bar·

394 1936 648 2009 cinonensibus
660 1939 863 2036 caeterisque
878 1963 949 2011 suae
961 1938 1125 2010 factionis
1139 1936 1324 2011 militabat.
1341 1943 1451 2012 Fran·

394 2072 520 2120 corum
546 2076 632 2123 vero
656 2053 848 2146 exercitus,
877 2055 970 2126 inter
991 2054 1129 2150 equites
1146 2067 1182 2124 et
1203 2052 1363 2150 pedites,
1391 2079 1450 2126 sex

395 2165 711 2241 milliumvirorum
724 2194 914 2241 numerum
922 2169 1069 2242 minime
1078 2167 1248 2242 excedere
1258 2168 1448 2241 ferebatur.

443 2283 602 2356 Catalani
624 2299 765 2376 autem,
795 2299 877 2358 ante
893 2286 1077 2358 Gallorum
1104 2284 1317 2377 adrentum,
1344 2283 1452 2383 longa

394 2399 490 2498 pacis
508 2400 782 2498 tranquillitate,
809 2404 947 2499 magnis
971 2401 1102 2501 opibus
1126 2401 1228 2473 ditati
1252 2415 1288 2473 et
1310 2400 1450 2490 referti,

394 2515 499 2587 simul
513 2529 548 2588 et
563 2515 673 2613 gloria
690 2543 810 2590 rerum
824 2543 890 2619 per
906 2517 1091 2590 alfonsum
1108 2539 1229 2613 regem
1248 2539 1354 2588 suum
1376 2540 1453 2613 ges·

395 2647 512 2704 tarum
534 2635 614 2706 elati
631 2635 760 2735 (paulo
782 2651 865 2709 ante
883 2634 1155 2738 defunctum'),
1173 2633 1303 2704 mirum
1320 2633 1357 2704 in
1375 2657 1453 2704 mo-

394 2748 481 2820 dum
507 2766 714 2847 arrogantes
740 2766 848 2849 atque
872 2749 1000 2822 tumidi
1024 2763 1135 2821 erant.
1164 2745 1452 2820 Contemnebant

393 2865 489 2936 enim
500 2889 645 2937 omnem
657 2865 774 2956 aliam,
788 2879 1038 2966 praetersuam,
1050 2865 1234 2936 nationem
1247 2877 1282 2934 et
1294 2877 1449 2959 gentem,

395 2994 430 3052 et
445 2982 628 3078 potissime
651 2983 788 3072 Gallos,
812 2975 899 3053 nibil
916 3007 1064 3082 prorsus
1084 3004 1211 3054 eorum
1235 2979 1326 3052 vires
1346 2994 1452 3077 atquc

395 3121 495 3171 arma
531 3099 713 3172 ducentes.
753 3100 848 3186 Quin
879 3099 986 3173 etiam
1021 3098 1112 3172 adeo
1145 3097 1191 3170 de
1222 3121 1288 3170 sua
1325 3097 1452 3167 virtute

395 3215 547 3286 nimium
568 3228 772 3312 arroganter
790 3230 825 3287 et
838 3229 971 3287 temere
991 3212 1275 3315 presumebant,
1303 3225 1343 3284 ut
1359 3235 1452 3310 saepe

393 3331 486 3404 inter
503 3331 639 3429 seipsos
652 3330 769 3404 verbis
785 3331 949 3430 gallicum
970 3357 1103 3406 nomen
1116 3331 1330 3402 incessentes
1343 3343 1451 3427 atque

394 3445 654 3543 deprimentes,
680 3462 846 3547 optarent
861 3449 1046 3521 Gallorum
1069 3446 1253 3534 militiam,
1279 3445 1336 3518 vel
1359 3445 1451 3517 intra

393 3561 544 3661 patriam
559 3587 712 3661 suasque
729 3563 835 3637 urbes
854 3566 927 3663 jam
948 3564 1094 3656 adesse,
1122 3563 1178 3636 vel
1197 3561 1270 3663 [ad]
1288 3560 1451 3634 eamden

393 3678 544 3777 patriam
568 3679 841 3776 aggrediendam
865 3680 1073 3770 adventare,
1101 3695 1141 3753 ut
1164 3679 1209 3751 de
1228 3680 1314 3779 ipsis
1340 3677 1452 3776 (quos

393 3814 456 3866 sua
476 3794 707 3868 aestimatione
727 3797 826 3868 nullo
849 3822 950 3898 paeue
975 3797 1119 3896 negotio
1147 3795 1344 3868 vincendos
1367 3792 1453 3866 sibi·

393 3924 466 3981 met
495 3909 774 4009 promittebant)
802 3913 1026 4015 triumphum
1054 3924 1302 4012 reportarent,
1337 3933 1380 3982 ec
1407 3907 1453 3980 de

432 4103 462 4159 l.
484 4101 549 4180 Ugo
562 4103 669 4182 Roga,
680 4113 774 4161 corate
790 4101 827 4163 de
840 4102 944 4163 Pallas.
960 4103 984 4163 ll
998 4101 1192 4164 commandait
1208 4121 1279 4163 avec
1294 4101 1322 4161 le
1338 4099 1403 4159 titre
1417 4099 1453 4159 d·
