3384 5184
596 565 705 626 LIBER
726 501 928 627 sucUanJS.
1236 567 1294 626 167

221 701 495 804 ι111ιι1ιιῑειιεειι,
523 699 658 774 nedum
674 701 750 798 ejus
773 699 921 806 filium,
939 699 1041 798 cujus
1066 701 1295 774 simulacrum

234 819 291 918 (ut
310 843 419 919 supra
439 818 665 916 retulimus¹)
681 819 789 892 veluti
810 817 905 893 affui
921 818 1084 918 patibulo
1101 817 1296 919 suspende·

230 953 336 1029 wrant,
365 935 430 1010 sed
454 938 561 1011 etiam
589 939 770 1038 seipsum
794 953 830 1012 et
854 938 1162 1038 generosissimam
1186 953 1296 1037 atque

234 1054 520 1128 honestissimam
554 1053 739 1128 dominam
776 1056 852 1154 ejus
887 1069 1118 1148 consortem,
1152 1052 1296 1130 illustris

233 1167 420 1270 quondam
449 1169 540 1267 regis
563 1170 785 1267 Portugalliae
814 1170 925 1244 filiam
936 1173 958 1264 ¹,
990 1168 1225 1243 acerbissimis
1253 1195 1295 1246 ac

233 1286 435 1360 loedissimis
474 1288 700 1362 contumeliis
737 1289 1002 1380 lacessissent,
1047 1314 1114 1362 nec
1143 1314 1220 1362 sese
1247 1287 1294 1363 ab

233 1403 283 1475 eis
308 1403 383 1476 ullo
399 1401 512 1476 modo
531 1403 764 1494 cohiberent,
787 1430 862 1477 non
880 1403 1104 1478 existimabat
1118 1404 1165 1478 ad
1179 1420 1296 1506 patres

232 1541 318 1591 suos
330 1518 486 1592 'feliciter
506 1519 641 1619 apponi
658 1544 783 1618 posse,
802 1519 832 1591 si
853 1518 898 1591 ad
918 1533 1059 1618 tempus
1077 1544 1192 1619 usque
1208 1521 1294 1594 dor·

233 1634 391 1707 miti'onis
418 1660 490 1709 suae
522 1634 619 1709 hanc
650 1649 787 1710 tantam
811 1635 977 1732 injuriam
1012 1637 1212 1736 reliquisset
1238 1630 1317 1712 in-¹

233 1749 344 1824 ultam
354 1753 378 1825 ⁸.

281 1873 325 1940 Et
348 1868 522 1942 hactenus
549 1866 715 1967 quidem,
738 1892 759 1940 a
781 1882 941 1966 tempore
958 1865 1100 1940 foederis
1115 1863 1217 1965 quod
1234 1893 1296 1942 rex

232 2009 317 2059 cum
337 1984 465 2057 illustri
486 1987 617 2058 comite
631 1983 677 2057 de
693 1984 897 2074 Clarolois,
917 1982 1139 2084 praecedente
1154 1981 1291 2078 hieme,

231 2126 348 2203 prope
361 2103 520 2176 Parisios
526 2092 729 2203 pepegerat,
744 2117 779 2175 et
789 2101 855 2174 sibi
873 2113 983 2175 terras
999 2097 1197 2174 donaverat
1208 2127 1297 2201 quas

231 2217 340 2318 paulo
367 2229 451 2291 ante
474 2221 537 2314 <ut
561 2217 739 2315 diximus)
763 2217 1034 2316 quadringentis
1061 2216 1160 2291 'mille
1187 2219 1296 2291 scutis

230 2333 459 2422 redemerat,
490 2333 568 2408 aliis
595 2337 703 2407 etiam
729 2334 964 2433 postmodum
993 2350 1121 2433 sponte
1149 2339 1296 2435 propria

230 2451 389 2548 adjectis,
406 2451 653 2525 existimabant
663 2451 773 2523 ferme
784 2474 911 2544 omnes
926 2451 1117 2522 amicitiam
1128 2475 1303 2557 magnam!

231 2582 266 2640 et
287 2569 435 2667 gratiam
461 2567 629 2641 eumdem
653 2567 822 2639 comitem
842 2567 940 2666 ap'ud
960 2591 1082 2663 regem
1100 2568 1307 2642 invenisse,

230 2684 441 2784 Appellabat
468 2685 566 2757 enim
595 2708 699 2776 eum,
728 2683 895 2781 quotiens
918 2683 964 2755 ad
989 2707 1074 2755 eum
1100 2681 1292 2774 scriberet,

231 2797 344 2871 filium
361 2826 486 2895 suum,
504 2815 540 2874 et
555 2800 831 2900 primogenitam
847 2796 959 2870 filiam
975 2821 1077 2870 suam
1096 2823 1134 2871 se
1151 2799 1189 2871 in
1205 2823 1294 2872 con·

227 2915 350 3014 jugem
366 2917 400 2990 ei
416 2917 505 2990 velle
524 2914 749 2989 dare‘aiebar
761 2917 785 2986 ⁸.-
810 2913 958 2987 Obierat
981 2913 1129 3013 quidem
1145 2937 1295 2988 consors

231 3031 328 3130 ejus,
354 3033 486 3106 nobilis
511 3033 661 3106 domina
686 3030 757 3103 filia
784 3030 886 3103 ducis
913 3029 1082 3104 Borbonii
1107 3031 1290 3124 defuncti,

231 3149 399 3223 moderni
416 3153 553 3244 soror¹,
577 3165 741 3247 tempore
754 3172 829 3246 quo
846 3171 931 3221 eum
947 3147 1126 3248 expeditio
1144 3149 1292 3222 Montis·

270 3427 301 3486 l.
322 3421 372 3484 Ci-
374 3423 537 3500 deesus,p.
554 3424 625 3481 131.

271 3519 301 3576 1.
324 3513 366 3574 La
386 3512 527 3572 duchesse
549 3507 705 3571 lsabelle'
691 3509 763 3570 ctait
783 3510 842 3571 lille
861 3510 902 3571 du
922 3510 967 3572 roi
986 3515 1059 3573 Jean
1082 3509 1119 3572 de
1142 3515 1290 3596 Portugal,

230 3617 306 3663 mort
312 3605 461 3663 ειι1133.

273 3697 301 3753 3.
324 3693 348 3752 ll
371 3692 480 3753 semble
502 3691 572 3772 qu’il
595 3712 614 3769 y
635 3689 676 3750 ait
696 3687 734 3748 icl
754 3698 813 3748 tme
836 3689 957 3762 lacune,
978 3689 1105 3768 quoique
1119 3690 1147 3750 le
1161 3703 1239 3751 texte
1252 3691 1292 3751 du

230 3802 284 3842 ms
299 3801 330 3841 se
341 3782 422 3843 suive
436 3803 502 3843 sans
517 3780 721 3860 interruption.
736 3777 878 3838 Recourir
892 3796 949 3837 aux
960 3779 1112 3840 Mimoires
1123 3779 1160 3840 de
1169 3784 1293 3898 lacques

229 3871 384 3949 Duclercq,
399 3871 420 3929 l.
435 3874 471 3948 V,
485 3871 534 3930 ch.
550 3891 612 3929 svn
625 3879 654 3929 et
669 3885 753 3928 svm.

271 3965 300 4022 1.
324 3965 407 4021 Anne
436 3961 473 4022 de
498 3965 627 4032 tranet,
656 3957 707 4038 qui
734 3957 777 4017 lut
801 3937 909 4015 maride
935 3953 1000 4038 ‘plus
1027 3956 1091 4018 tard
1115 3977 1153 4018 au
1176 3957 1234 4018 sire
1256 3957 1293 4018 de

230 4052 458 4210 Beaut'elssbelle
473 4137 532 4200 fine
546 4137 584 4197 du
595 4137 642 4196 sen
658 4135 714 4195 duc
729 4133 846 4196 charles
857 4129 894 4194 de
906 4133 1042 4195 Bourbon
1053 4147 1082 4195 et
1095 4151 1173 4194 soeur
1184 4134 1225 4195 du
1237 4135 1294 4196 duc

231 4231 325 4293 actuel
337 4235 419 4292 Jean.
434 4230 496 4289 Elle
509 4239 625 4288 mourut
640 4231 779 4286 adnuere
792 4225 819 4286 le
831 4227 872 4286 15
885 4225 1047 4308 septembre
1061 4229 1152 4300 1163,
1167 4225 1294 4306 pendam

233 4341 290 4400 qne
305 4338 359 4382 son
374 4321 448 4381 mari
462 4319 530 4378 etait
547 4317 654 4378 devant
666 4317 757 4379 Paris.
