3272 5182
542 513 545 518 ’
582 549 691 610 ausa
711 550 914 612 sacuuous.
1224 552 1284 610 sor

222 705 334 772 num,
350 679 503 782 Philippi
519 681 690 779 genitoris
710 696 746 756 et
761 681 901 770 Caroli,
916 680 979 754 filii
996 683 1068 776 sui,
1094 681 1283 758 clementia

222 809 330 894 atque
351 796 554 870 humanitas
569 797 785 896 perpulchra
800 797 940 872 enituit.
960 797 1048 887 Qui,
1071 797 1154 872 licet
1174 823 1196 872 a
1215 824 1282 897 po·

221 914 309 1010 pulo
327 913 426 987 urbis
442 915 535 986 illius
549 930 585 986 et
596 930 724 988 caetera
734 913 874 1014 plebeia
889 940 930 987 ex
948 916 1040 1010 agris
1054 915 1284 990 multitudine

221 1033 436 1128 gravissimis
448 1033 595 1106 fuissent
612 1048 648 1105 et
665 1033 893 1105 contumeliis
908 1032 1077 1123 lacessiti,
1095 1047 1130 1106 et
1145 1035 1284 1132 injuriis

221 1163 328 1248 atque
344 1151 485 1224 damnis
500 1150 619 1224 affecti
635 1150 890 1251 multipliciter,
918 1151 1141 1224 severitatem
1162 1167 1282 1226 tamen

221 1260 409 1335 clementia
425 1277 678 1361 temperantes,
698 1286 782 1334 cum
798 1261 1097 1360 promissionibus
1110 1278 1145 1336 et
1160 1263 1283 1337 litteris

220 1376 398 1473 primum,
422 1378 554 1451 deinde
571 1376 758 1451 obsidibus
773 1377 949 1476 acceptis,
974 1378 1081 1450 tertio
1103 1378 1283 1452 moenibus

220 1492 366 1591 dejectis
391 1494 589 1594 ablatisque
613 1495 741 1585 armis,
767 1493 908 1564 furiosis
938 1492 1005 1565 illis
1030 1507 1066 1565 et
1093 1493 1283 1592 foedifragis

218 1608 353 1706 (tribus
367 1610 467 1684 factis
481 1607 768 1709 expeditionibus
785 1606 975 1679 adversum
991 1608 1099 1704 eos),
1120 1623 1174 1682 tot
1189 1611 1283 1708 inju-

219 1724 288 1797 rias
313 1725 364 1797 eis
382 1725 564 1825 parcendo
589 1723 858 1812 condonaraut,
883 1736 939 1814 et,
967 1721 996 1793 si
1020 1724 1194 1795 sustinere
1216 1750 1283 1823 po-

220 1843 370 1914 tuissent
382 1865 445 1913 eos
457 1841 495 1911 in
506 1864 571 1912 sua
584 1839 797 1937 integritate,
813 1837 1018 1937 pecuniaria
1030 1840 1283 1914 tantummodo

220 1958 418 2056 quantitate
438 1954 629 2029 mulctatos
645 1954 793 2054 pacifice
809 1952 1051 2026 dimittebant.
1079 1959 1197 2043 Quam
1213 1959 1283 2029 uti·

218 2100 289 2172 que
305 2075 511 2175 pecuniam,
531 2075 560 2146 si
578 2072 667 2170 quid
683 2072 921 2172 providentiae
937 2069 1159 2165 habuissent,
1177 2089 1282 2173 pote·

218 2207 299 2265 rant
318 2192 357 2264 in
377 2191 600 2290 paucissimis
616 2189 719 2262 annis
742 2185 947 2294 exsolvere,
970 2202 1006 2258 et
1028 2190 1279 2288 postmodum,

218 2303 374 2381 liberior
387 2307 499 2405 quieti
512 2320 710 2399 manentes,
726 2305 822 2404 pacis
835 2319 943 2401 atque
957 2303 1130 2378 libertatis
1138 2305 1283 2379 lenitate

219 2425 384 2524 gaudere.
416 2424 487 2496 Sed
511 2439 614 2495 tanto
641 2422 803 2522 profecto
825 2421 927 2492 bono
950 2422 1022 2492 suis
1039 2420 1221 2496 demeritis
1246 2449 1284 2497 se

218 2542 454 2616 reddiderunt
471 2539 660 2636 indignos3
686 2539 771 2635 qui,
791 2538 893 2608 omni
910 2537 1039 2608 timore
1053 2538 1119 2609 Dei
1134 2540 1281 2635 reject0,

217 2662 267 2733 ita
283 2660 468 2752 finitimos,
480 2682 502 2730 a
514 2645 644 2753 quibus
659 2653 863 2726 nullatenus
879 2653 1186 2750 inquietabantur,
1201 2656 1283 2752 igne

218 2791 254 2850 et
278 2776 371 2849 ferro
393 2773 589 2875 populare,
609 2785 644 2844 et
662 2769 828 2842 omnium
844 2768 1055 2866 injuriarum
1073 2794 1203 2866 genere
1221 2796 1284 2844 eos

218 2892 360 2966 afficere
375 2893 534 2993 primum
551 2886 707 2986 aggressi
721 2898 823 2979 sunt;
845 2900 880 2956 et
898 2908 965 2956 nec
981 2885 1112 2957 totiens
1128 2887 1180 2959 eis
1195 2912 1284 2986 par-

217 3012 289 3083 cito
300 3025 407 3107 atque
419 3005 576 3098 indulto,
592 3029 659 3078 nec
675 3003 791 3102 poenis
804 3001 952 3074 civiliter
962 3000 1097 3074 eisdem
1108 3004 1284 3102 gradatim

218 3143 314 3201 etex
331 3126 458 3198 ordine
474 3125 616 3197 inflictis
637 3139 672 3196 et
693 3121 889 3220 impositis,
913 3144 934 3192 a
951 3145 1016 3193 sua
1032 3123 1192 3220 nequitia
1207 3125 1283 3198 ullo

217 3259 323 3345 pacto
345 3239 507 3314 cohiberi
531 3254 726 3339 potuerant
751 3265 760 3308 ε
790 3238 921 3308 merito
949 3237 1055 3308 etiam
1078 3238 1241 3336 profecto
1261 3265 1283 3314 a

218 3360 339 3432 divina
357 3356 469 3456 gratia
489 3369 524 3427 et
548 3354 774 3456 protectione
795 3350 944 3443 deserti,
966 3351 1047 3449 qui,
1068 3354 1283 3449 gravissimis

217 3477 376 3560 censuris
400 3471 447 3546 ab
473 3469 670 3573 apostolica
695 3469 787 3542 Sede
811 3469 990 3567 percussi,
1018 3484 1054 3541 et
1079 3472 1194 3570 patria
1218 3498 1282 3547 sua

217 3594 327 3691 longo
344 3589 529 3689 supposita
547 3585 755 3673 interdicto,
776 3608 843 3655 nec
857 3585 930 3679 juri
947 3609 1074 3683 parere
1088 3586 1279 3682 curabant,

217 3735 285 3784 nec
303 3729 473 3782 censuras
488 3718 616 3794 tantas,
638 3700 747 3774 veluti
761 3724 836 3770 non
853 3698 1054 3791 christiani,
1074 3702 1137 3775 sed
1153 3708 1283 3805 pagani

218 3841 254 3898 et
270 3824 418 3924 gentiles
436 3844 583 3921 prorsus
601 3818 735 3903 forent,
756 3813 932 3886 ullatenus
951 3815 1204 3892 formidabant.

265 3938 349 4028 Tale
361 3939 482 4036 itaque
494 3960 643 4008 suorum
656 3931 868 4004 meritorum
882 3945 917 4003 et
928 3955 1081 4030 operum
1094 3935 1280 4036 praemium

218 4057 346 4130 merito
373 4065 589 4152 exceperunt
605 4065 641 4122 et
661 4049 892 4137 invenerunt,
913 4058 1098 4121 uteorum
1120 4074 1226 4147 poena
1245 4065 1281 4123 et

218 4173 435 4274 supplicium
452 4168 589 4241 cunctis
604 4163 748 4264 populis
767 4161 811 4258 (si
828 4186 955 4234 sanum
973 4163 1108 4262 aliquid
1122 4168 1278 4265 sapiant)

218 4290 323 4366 cedat
336 4289 374 4362 in
390 4282 618 4383 exemplum:
634 4304 680 4363 ue
691 4278 867 4377 justitiam
882 4305 954 4378 qua
970 4304 1043 4354 una
1060 4293 1097 4354 et
1113 4281 1190 4356 sola
1205 4307 1280 4356 coe-
