3384 5184
378 533 416 587 st
651 533 906 590 fflstoltmlttttt
925 531 1103 592 LUDOVICI
1123 533 1166 591 xt

377 665 479 735 nium
491 687 596 737 suum
609 663 725 762 (quod
737 687 818 736 acre
829 663 1025 762 quidemet
1037 665 1218 738 variarum
1231 682 1441 768 promptum

353 761 355 776 ¹
377 805 420 853 ac
433 779 533 853 facile
549 779 813 872 inventionum,
829 779 893 853 sed
906 804 1035 880 parum
1047 779 1116 852 sibi
1127 795 1297 856 constans
1308 782 1441 856 habere

378 897 574 995 serebatur)
598 899 800 998 expendere
821 922 895 970 non
914 897 1091 991 cessabat,
1110 897 1157 970 ad
1174 899 1443 972 conciliandum

377 1014 457 1110 sibi,
476 1015 592 1113 siquo
603 1014 716 1086 modo
728 1027 862 1112 posset,
878 1013 1010 1084 ducem
1027 1015 1230 1110 Britanniae,
1245 1016 1443 1116 perplures

377 1129 572 1228 legationes
593 1129 662 1202 sibi
680 1131 836 1202 invicem
859 1127 1119 1203 succedentes:
1140 1133 1304 1230 aperiens
1322 1133 1441 1206 eidem

378 1245 462 1318 duci
482 1246 597 1318 varias
618 1246 693 1318 vias
715 1270 837 1317 secum
860 1242 1072 1344 pacificandi
1095 1260 1131 1317 et
1154 1247 1305 1320 eumad
1327 1274 1366 1322 se
1388 1266 1441 1324 at·

379 1361 556 1453 trahendi,
575 1375 681 1460 rupto
699 1384 845 1459 prorsus
862 1359 994 1433 loedere
1010 1359 1072 1432 illo
1089 1362 1254 1437 amicitiae
1268 1379 1304 1436 et
1320 1365 1442 1438 trater-

377 1478 515 1568 nitatis,
539 1477 639 1576 quod
661 1502 744 1550 cum
766 1479 897 1551 comite
923 1476 969 1549 de
997 1478 1184 1552 Charolot's
1202 1498 1437 1580 percusserat.

378 1599 455 1667 Hoc
465 1597 562 1667 enim
571 1596 791 1694 praecipuum
802 1619 877 1667 esse
886 1594 1036 1694 putabat
1049 1596 1111 1693 (ad
1121 1597 1220 1695 quod
1233 1599 1441 1698 pervenien-

379 1709 480 1806 dum,
497 1712 668 1785 adversus
681 1712 799 1810 ipsum
813 1710 943 1782 ducem
960 1711 1123 1810 querelas
1139 1728 1175 1786 et
1192 1716 1441 1789 contentiones

377 1828 574 1927 promovit)
589 1842 641 1921 ut,
657 1828 844 1900 dissociata
858 1841 965 1925 atque
979 1825 1115 1900 dissuta
1127 1828 1272 1903 illorum
1284 1830 1441 1905 duorum

379 1946 582 2044 principum
601 1945 816 2016 fraternitate
834 1957 869 2014 et
888 1937 1164 2048 singularissirda
1180 1945 1335 2021 invicem
1351 1949 1441 2022 ami-

378 2063 475 2151 citia,
494 2086 578 2133 cum
595 2061 706 2134 altero
723 2076 862 2135 tantum
880 2061 1029 2158 (scilicet
1043 2059 1125 2135 curb
1144 2064 1293 2163 praesato
1309 2069 1441 2140 comite

378 2176 423 2250 de
441 2176 624 2249 ctarototr
642 2193 678 2250 et
699 2176 911 2275 Burgundios
927 2176 1053 2276 domo)
1071 2180 1256 2276 negotium
1276 2181 1460 2278 haberet„

316 2291 321 2312 ⁸
378 2295 568 2392 ipsumque
585 2293 737 2385 facilius,
756 2320 824 2394 pro
840 2293 960 2388 libito,
981 2295 1219 2393 exstingueret
1237 2323 1301 2370 seu
1318 2301 1442 2399 oppri-

379 2425 514 2502 meret,
552 2424 588 2483 et
616 2435 687 2482 suae
719 2409 907 2483 subactum
941 2411 1117 2484 voluntati
1151 2411 1319 2486 efficeret.
1358 2417 1441 2503 Quo

377 2527 520 2619 effecto,
531 2529 605 2626 Jam
617 2527 668 2599 nil
679 2526 859 2600 dubitaret
871 2528 958 2626 quin
976 2527 1083 2600 etiam
1098 2527 1285 2602 Britanniae
1296 2529 1439 2622 ducem,

376 2659 412 2716 et
432 2667 679 2742 quoscumque
699 2641 789 2716 alios
809 2642 908 2740 regni
928 2642 1106 2742 principes
1126 2655 1233 2741 atquo
1259 2639 1442 2744 magnates

378 2759 479 2833 facile
500 2773 535 2832 et
556 2758 691 2857 absque
713 2782 846 2856 magno
867 2757 1031 2854 negoti0,
1055 2757 1111 2829 vel
1132 2757 1291 2832 similiter
1310 2763 1440 2861 oppri-

376 2890 510 2966 meret,
539 2875 594 2949 vel
617 2873 684 2948 sub
707 2897 829 2966 suam,
851 2897 962 2972 quam
983 2871 1109 2964 vellet,
1133 2873 1309 2972 redigeret
1330 2877 1441 2950 servi·

377 2994 518 3064 tutem¹.

425 3111 527 3179 Hanc
550 3107 684 3205 quippe
706 3130 790 3178 eum
810 3127 931 3203 gerere
954 3103 1199 3195 ellectionem,
1224 3119 1260 3178 et
1279 3106 1351 3180 boc
1372 3109 1440 3183 sibi

377 3221 464 3295 olim
490 3223 527 3294 in
557 3222 718 3294 animum
747 3220 926 3294 induxisse
958 3243 1086 3292 omnes
1114 3243 1215 3319 paene
1243 3221 1441 3296 Galliarum

376 3339 556 3438 principes
587 3350 622 3408 et
652 3361 821 3436 proceres
852 3335 949 3408 velut
973 3335 1200 3435 exploratum
1235 3335 1437 3436 habebant,

377 3452 478 3552 quod
499 3477 625 3525 omnes
645 3453 798 3551 majores
819 3450 948 3525 domos
968 3452 1068 3547 regni
1089 3465 1198 3549 atque
1217 3453 1441 3554 principatus

376 3569 494 3642 delere
514 3583 551 3646 et
571 3553 794 3666 exstinguere
814 3568 935 3663 vellet,
956 3565 1013 3638 vel
1030 3591 1089 3664 eas
1108 3567 1231 3640 saltem
1250 3581 1324 3641 tam
1343 3585 1440 3644 exte·

376 3710 488 3759 nuere
507 3700 542 3757 et
563 3685 727 3778 eradcle,
752 3700 791 3757 ut
812 3683 916 3757 nullae
939 3683 1072 3756 eisdem
1096 3707 1260 3782 prorsus,
1281 3685 1338 3758 vel
1360 3690 1440 3760 nni-

336 3883 340 3890 ,
374 3805 483 3876 versis
500 3801 558 3874 vel
574 3802 734 3900 singulis,
753 3814 980 3875 remanerent
999 3801 1105 3890 vireS,
1129 3800 1226 3872 unde
1249 3802 1440 3878 adversum

374 3945 411 3992 se
429 3915 603 3991 rebellare
618 3915 675 3988 vel
691 3941 763 3989 suae
783 3931 930 4015 possent
947 3913 1165 3989 auderentve
1183 3914 1356 3990 obsistere
1380 3943 1441 3990 vo-

375 4035 515 4109 luntati.

414 4193 444 4250 t.
467 4193 493 4249 Δ
511 4187 539 4249 la
556 4206 656 4269 marge
669 4185 709 4246 du
723 4205 777 4246 ms.
799 4198 841 4246 est
858 4185 929 4245 ecrit
952 4176 1108 4244 devant'ce
1123 4203 1261 4266 passage,
1279 4185 1299 4241 ὰ
1320 4188 1349 4244 la
1366 4199 1441 4243 touru

373 4297 467 4355 quere,
483 4305 497 4331 s
515 4279 531 4336 l
547 4277 576 4336 le
589 4291 703 4355 turque.
723 4301 736 4327 ¹·
