3014 5010
205 440 242 496 72
474 437 736 498 mstotttalttnt
751 432 933 501 tmovml
951 440 997 498 xl

203 569 384 645 ablatione
400 595 482 642 eum
498 568 678 641 retrahere
693 567 802 643 bonis
819 586 857 643 et
872 569 1076 644 salubribus
1091 571 1286 644 monitio·

205 685 311 759 nibus
330 701 559 758 conarentur.
583 688 681 772 Quas
702 686 751 758 ita
774 711 887 786 parvo
907 689 1093 760 aestimavit
1119 701 1162 758 ut
1184 686 1285 758 nihil

205 826 368 901 prorsus,
398 802 466 873 nisi
490 801 536 873 de
560 824 624 873 sua
648 801 874 900 exsequenda
899 802 1117 902 cupiditate,
1145 825 1285 873 curare

206 919 415 993 videretur¹.
444 924 497 990 An
523 942 610 990 vero
637 919 870 1016 postmodum
897 918 1063 991 eamdem
1087 942 1284 990 summam

122 1068 128 1081 ·
204 1038 409 1128 restituerit,
429 1034 537 1107 nobis
553 1060 627 1106 non
646 1035 729 1105 satis
748 1051 800 1106 est
816 1038 1076 1133 compertum‘.
1098 1040 1183 1107 Hoc
1207 1037 1281 1107 sci·

205 1178 284 1225 ntus
307 1151 425 1249 quod,
444 1149 527 1221 licet
545 1175 566 1222 a
586 1149 717 1248 quibus
737 1166 861 1223 mutua
882 1150 1118 1251 exposcebat,
1142 1151 1279 1224 eadem

205 1268 362 1363 legaliter
383 1266 433 1339 eis
455 1266 605 1338 reddere
631 1266 878 1365 polliceretur,
908 1265 1125 1366 quibusdam
1148 1281 1278 1338 tamen

205 1382 318 1475 nihil,
342 1382 419 1453 aliis
437 1405 524 1452 vero
547 1406 633 1452 cum
658 1380 900 1456 diminutione
928 1398 964 1455 et
980 1382 1119 1454 soenore
1145 1405 1278 1454 everso

204 1497 311 1572 luisse
330 1499 502 1570 restituta.

254 1615 324 1686 Sed
341 1640 387 1685 ne
406 1614 562 1685 fructum
578 1615 634 1686 sui
653 1629 739 1687 tunc
754 1614 802 1687 ad
823 1615 956 1711 regiam
976 1638 1078 1686 suam
1095 1613 1280 1688 adventus

206 1734 260 1803 vel
284 1731 466 1802 occultare
491 1730 547 1800 vel
577 1730 737 1825 neglectu
767 1732 946 1829 preterire
970 1730 1177 1822 videamur,
1207 1755 1279 1828 pro

208 1845 459 1918 reformatione
474 1845 617 1939 justitiae
633 1846 707 1918 duo
729 1847 780 1918 ibi
804 1847 920 1918 edicta
934 1871 1042 1937 nova,
1057 1861 1093 1919 et
1107 1847 1279 1945 perprius

206 1963 243 2033 in
257 1985 367 2054 regno
382 1961 528 2031 minime
540 1961 676 2045 audita,
690 1962 846 2035 ediditet
856 1963 1030 2062 publicari
1041 1962 1142 2034 fecit:
1159 1987 1279 2034 unum

179 2088 300 2174 'qu0,
329 2076 395 2147 sub
420 2101 525 2175 pmna
549 2078 815 2150 confiscationis
840 2081 1004 2176 corporis
1026 2093 1062 2150 et
1089 2078 1281 2150 bonorum

210 2195 223 2288 (
232 2192 293 2265 tali
316 2194 412 2264 enim
432 2218 539 2290 poena
555 2195 767 2290 quotidiana
783 2220 846 2266 sua
864 2195 1032 2267 mandata
1048 2192 1278 2289 sanciebat),

209 2309 438 2381 inhibebatur
452 2308 619 2381 omnibus
637 2310 838 2405 regnicolis,
852 2310 1111 2407 cujuscumque
1127 2310 1276 2408 gradus,

209 2440 321 2499 status
341 2441 403 2499 aut
419 2426 636 2499 conditionis
651 2426 878 2517 exsisterent,
894 2441 1003 2526 atque
1027 2427 1137 2500 etiam
1157 2428 1282 2499 nomi-

250 2681 278 2734 t.
305 2703 319 2730 «ι
333 2680 411 2735 Vnus
429 2674 621 2736 mandens...
644 2694 702 2751 que
720 2695 794 2733 vous
812 2694 886 2733 vous
909 2673 1099 2752 transportiez
1119 2691 1157 2731 en
1178 2685 1281 2734 nostre

209 2788 281 2827 cour
291 2765 327 2826 de
336 2767 512 2834 Parlement,
524 2777 552 2822 et
562 2764 637 2838 illec,
650 2777 743 2822 tontes
753 2763 796 2822 les
806 2762 958 2822 chambres
968 2762 1082 2822 d’icelle
1091 2760 1280 2838 assemblees,

209 2857 398 2917 remonstriez
420 2853 563 2913 nosdictes
579 2853 735 2912 ne'cessites
751 2865 780 2912 et
795 2853 930 2926 alsaires,
946 2864 975 2910 et
995 2852 1037 2911 les
1049 2870 1136 2932 grans
1156 2851 1236 2910 desir
1251 2864 1283 2911 et

208 2946 344 3005 affection
365 2964 422 3023 qne
444 2964 536 3002 avons
559 2944 597 3002 de
618 2963 776 3002 recouvrer
796 2943 913 3002 lesdites
933 2956 1042 3016 terres;
1061 2955 1091 3001 et
1108 2942 1177 3020 qu'l
1192 2961 1227 3000 ce
1242 2961 1283 3000 ne

210 3035 366 3114 pourrions
390 3035 503 3091 tournir
520 3053 586 3091 sans
609 3031 736 3110 prendre
757 3031 889 3090 lesdictes
911 3052 1037 3090 sommes
1059 3030 1231 3109 consignees
1251 3043 1284 3088 et

212 3124 353 3202 deposees
374 3136 434 3180 tant
451 3125 482 3181 es
498 3123 592 3181 mains
610 3121 649 3179 du
670 3122 788 3199 greffier
807 3120 844 3180 de
863 3121 951 3179 ladite
973 3141 1057 3193 cour,
1073 3140 1133 3198 que
1152 3119 1283 3178 d'autres

210 3233 369 3293 personnes
380 3237 387 3286 ς
399 3227 426 3270 et
435 3214 476 3271 les
486 3212 634 3271 exhortiez
644 3231 723 3288 que..
731 3254 752 3268 ..
764 3210 801 3268 ilz
813 3209 950 3268 reuillent
958 3209 1106 3267 consentit
1114 3227 1172 3285 que
1182 3207 1284 3266 icelle·

211 3323 374 3365 sommes...
390 3323 464 3362 nous
480 3304 571 3362 soient
585 3303 706 3361 baillees
719 3314 747 3360 et
759 3300 915 3374 delivrees,
930 3319 967 3357 en
979 3299 1045 3357 leur
1055 3299 1164 3357 ot'lrant
1177 3295 1214 3354 de
1227 3316 1284 3375 par

212 3411 302 3460 nous,
323 3412 398 3469 pour
412 3394 440 3450 la
453 3392 616 3451 restitution
631 3391 758 3450 d'icelles
777 3402 806 3449 et
827 3388 863 3447 de
876 3389 918 3448 les
934 3401 1070 3447 remettre
1092 3390 1124 3446 es
1142 3388 1235 3445 mains
1252 3399 1284 3446 et

210 3482 290 3540 lieux
305 3485 344 3540 ott
357 3483 427 3541 elles
441 3496 507 3543 sont
522 3483 559 3540 de
573 3483 704 3561 present,
719 3493 798 3538 toute
813 3478 881 3538 telle
892 3480 1007 3537 seurete
1019 3477 1091 3554 qu'il
1107 3474 1251 3535 semblent
1264 3480 1283 3534 a

210 3571 295 3630 icelle
315 3585 415 3630 nostre
433 3592 507 3631 cour
521 3583 598 3629 estre
619 3574 636 3628 l
658 3570 730 3629 saite
752 3581 781 3626 et
798 3565 977 3625 convenable
994 3584 1031 3622 en
1045 3578 1123 3624 ceste
1136 3563 1239 3642 partie.
1265 3593 1281 3617 ι

210 3661 402 3722 Commission
416 3662 531 3719 donnes
547 3681 601 3738 par
614 3660 701 3718 Louis
715 3662 770 3732 XI,
785 3659 812 3717 le
831 3661 870 3716 25
883 3661 953 3716 notit
967 3660 1058 3730 ttoa,
1076 3655 1196 3734 laenglet
1214 3659 1282 3712 Dn-

212 3752 341 3826 lresnoy,
359 3754 528 3821 commines,
545 3764 565 3806 t.
585 3754 625 3821 11,
640 3771 670 3829 p.
688 3753 758 3807 395.

253 3844 281 3900 ἰ
306 3840 331 3898 ll
352 3841 444 3899 existe
466 3857 524 3897 une
543 3838 729 3896 comntission
750 3833 865 3894 donnee
886 3856 922 3895 en
945 3840 1041 3894 meme
1060 3847 1153 3912 temps
1173 3851 1232 3909 qne
1254 3833 1284 3892 la

212 3929 388 4010 precedente
411 3935 429 3988 a
449 3949 490 3988 tm
510 3948 650 3987 receveur
668 3927 709 3986 du
728 3928 848 3999 Tresor,
865 3932 882 3985 ir
901 3928 953 4004 qui
974 3927 994 3983 il
1017 3938 1061 3983 est
1082 3922 1213 3996 enjoint‚
1229 3941 1286 3999 par

212 4020 322 4079 l'ordre
335 4021 363 4078 le
384 4020 450 4099 plns
470 4018 592 4086 absolu,
616 4016 798 4094 d'employer
815 4020 832 4074 ’a
850 4016 879 4075 la
898 4015 1061 4075 restitution
1080 4013 1122 4071 les
1142 4010 1285 4090 premiers

214 4110 331 4170 dertiers
348 4109 418 4189 qu'il
440 4126 590 4188 pemevra.
612 4109 813 4166 Ordomnces
828 4109 878 4163 des
896 4115 952 4162 mis
969 4109 1006 4162 de
1017 4108 1142 4163 Frarrce.
1159 4115 1181 4159 t.
1196 4104 1283 4172 m,

213 4221 245 4278 p.
261 4204 311 4258 57.
