3272 5182
594 534 706 592 unm
725 528 927 600 SECUNDUS.
1236 534 1292 592 l8'l

232 666 288 740 rel
307 665 352 739 ad
369 689 492 740 secum
509 663 709 738 ineundum
726 664 898 738 amicitias
911 660 1176 764 compellando,
1193 678 1229 737 et
1243 666 1293 738 eis

229 783 371 885 penitus
387 781 658 873 renuntiando¹,
670 805 760 878 quas
775 805 859 854 curn
877 779 975 854 dicto
993 780 1293 878 Burgundionum

230 899 322 972 duce
339 897 536 997 copularat.
552 903 672 970 Unum
685 897 783 970 enim
795 895 851 968 vel
863 898 1016 970 alterum
1031 897 1061 970 si
1076 912 1291 978 consecutus

230 1015 339 1108 forat,
362 1038 436 1086 non
458 1013 602 1088 difficile
624 1013 777 1086 nimium
796 1011 986 1112 reputabat
1007 1013 1113 1110 quin,
1135 1012 1293 1086 cumbis

231 1153 320 1226 quas
336 1127 492 1230 habebat
509 1128 622 1228 copiis
639 1127 868 1218 militaribus,
889 1126 1031 1223 adjutus
1050 1127 1157 1200 etiam
1178 1129 1292 1201 Brito·

230 1245 352 1338 nibus,
371 1244 427 1319 vel
443 1245 489 1318 de
508 1245 558 1317 eis
582 1244 741 1316 securior
762 1244 876 1316 sactus
900 1243 1042 1340 quoda
1063 1258 1163 1340 tergo
1181 1243 1292 1318 relicti

225 1360 298 1438 sihi
320 1362 467 1436 minime
490 1361 748 1462 impedimento
764 1359 894 1451 forent,
916 1358 1049 1434 ducem
1066 1360 1290 1457 Burgundio·

231 1501 320 1550 num
340 1477 558 1577 opprimeret
579 1490 686 1574 atque
703 1475 967 1574 exstingueret:
996 1474 1042 1548 ad
1062 1475 1162 1573 quod
1183 1474 1291 1548 vehe-

231 1593 343 1664 menti
358 1591 605 1665 inardescebat
622 1591 812 1664 desiderio.

280 1709 392 1780 Missis
419 1709 525 1806 igitur
550 1708 688 1806 magnis
713 1705 883 1780 adversus
912 1706 1127 1779 Britanniam
1153 1706 1288 1806 copiis,

230 1826 331 1922 quasi
356 1823 471 1896 foedus
493 1823 627 1897 habere
647 1822 753 1896 vellet
775 1847 859 1894 cum
881 1822 1173 1918 Burgundionum
1198 1821 1291 1896 duee

230 1933 293 2010 rex
306 1938 488 2032 simulans,
503 1963 585 2011 cum
597 1963 742 2011 suarum
756 1939 863 2010 etiam
878 1937 1163 2036 nonnullaparte
1175 1940 1293 2037 copia-

230 2081 324 2147 rum,
340 2055 387 2128 ad
401 2055 577 2157 oppidum
589 2055 872 2156 Compendium¹
884 2079 922 2127 se
938 2053 1102 2126 contulit.
1122 2054 1193 2128 Sed
1207 2079 1292 2128 cum
1415 2064 1426 2085 '

230 2172 339 2270 paulo
359 2187 460 2266 aute,
481 2172 660 2247 civitatem
680 2171 778 2244 illam
796 2169 1035 2270 superborum
1051 2169 1291 2270 perfidorum·

230 2288 549 2386 queBburonum,
570 2288 761 2378 leodium,
783 2303 979 2385 caeteraque
997 2290 1119 2387 patriae
1136 2289 1288 2388 oppida,

230 2404 352 2486 denuo
371 2431 577 2506 percussum
597 2405 711 2478 ioedus
729 2405 983 2518 abrumppntes
1004 2420 1040 2478 et
1059 2404 1288 2500 rebellantes,

231 2519 526 2620 Burgundionum
540 2521 613 2593 dux
625 2520 769 2592 illustris
781 2517 1056 2620 perdomuisset,
1069 2545 1196 2595 eorum
1207 2547 1291 2596 moe·

231 2637 338 2710 nibus
362 2637 589 2735 turribusque
607 2635 765 2732 dejectis,
784 2633 981 2732 ablatisque
996 2637 1105 2708 armis
1120 2661 1199 2734 quae
1222 2639 1290 2710 eis·

230 2752 315 2825 dem
328 2753 502 2853 superbiae
517 2767 625 2850 atque
643 2750 849 2825 rebellionis
865 2776 1006 2851 semper
1019 2753 1205 2826 materiam
1222 2755 1290 2828 mi-

229 2869 465 2964 nistrabant⁸,
495 2883 626 2970 putans
651 2883 842 2968 propterea
858 2883 997 2956 terras,
1027 2893 1117 2966 quas
1144 2891 1164 2940 a
1189 2883 1289 2966 tergo

231 2987 465 3087 relinquebat,
481 2985 711 3086 paucioribus
723 2985 906 3082 subjacere
918 2985 1097 3084 periculis,
1113 3010 1197 3059 cum
1215 3010 1290 3059 ma·

230 3106 308 3204 gnis
323 3105 436 3206 copiis
452 3104 598 3178 obviam
614 3104 688 3202 regi
705 3103 813 3176 venit.

280 3221 332 3296 ld
350 3246 478 3320 quem,
497 3245 581 3292 cnm
601 3221 639 3292 in
659 3223 799 3292 Perona
817 3216 954 3318 oppido
970 3231 1078 3309 esset,
1098 3241 1207 3318 supra
1222 3217 1291 3290 ilu-

231 3363 313 3413 men
334 3341 557 3429 Summonae,
581 3361 659 3426 rex,
680 3361 906 3437 pacemcum
926 3360 970 3409 eo
992 3334 1081 3408 velle
1098 3335 1291 3417 conciliare

229 3455 419 3547 simulans,
439 3453 568 3527 multas
585 3453 779 3553 legationes
794 3454 890 3526 misit
910 3480 919 3525 ε
939 3478 1037 3526 nunc
1057 3453 1290 3553 andegaven·

230 3595 305 3644 sem
328 3572 555 3672 episcopum,
582 3584 823 3667 cognomento
850 3567 1001 3660 Bolue‘,
1027 3595 1136 3667 quem
1160 3570 1289 3645 eodem

230 3711 330 3786 paene
349 3710 446 3759 anno
462 3710 506 3759 ex
523 3685 675 3787 simplici
695 3683 824 3758 clerico
845 3685 1056 3788 episcopum
1072 3700 1108 3759 et
1124 3687 1288 3762 cardina·

171 4005 174 4010 Ι
274 3933 302 3994 l.
323 3930 421 3990 Mieux
435 3930 580 4007 raudrait,
591 3935 636 3990 rel
646 3932 688 3988 ad
698 3948 789 3988 secum
804 3933 953 3989 ineundum
965 3930 1144 3988 amicitiam
1157 3931 1197 3988 eis
1207 3935 1291 4006 perri-

231 4036 276 4080 rus
289 4025 523 4097 renuntiandum,
537 4041 619 4100 quos,
631 4033 699 4091 ete„
712 4021 910 4096 compellendo.

270 4115 301 4174 2.
324 4111 511 4192 Gompiegne.

271 4207 300 4264 3.
323 4201 488 4262 Norembre
501 4206 590 4264 llo'l.

271 4297 301 4352 4.
322 4298 395 4353 Jean
409 4293 508 4354 Balne.
