3322 5172
371 551 428 608 ³96
639 550 895 610 fflsmtttnutttt
915 549 1093 608 LUDOVIGI
1112 550 1156 608 Xl

369 699 404 756 et
427 685 759 777 consummatione,
784 681 1007 756 redeundum
1023 681 1129 754 nobis
1148 697 1202 754 est
1218 683 1264 756 ad
1285 707 1328 755 ea
1347 707 1426 781 quae

368 801 407 904 in
424 801 594 899 temporis
608 799 820 873 intermedio
838 812 934 895 gesta
948 798 1105 872 recolere
1116 799 1312 898 potuimus.

708 1097 962 1166 CAPll'ULUM
992 1097 1085 1166 Vlll.

456 1297 495 1348 De
508 1296 585 1366 gestis
597 1315 646 1367 per
658 1295 781 1348 comitem
796 1289 829 1348 de'
843 1295 930 1347 Bisclre
943 1307 1037 1348 contra
1049 1293 1144 1348 ducem
1158 1289 1338 1364 Burgundio,

544 1389 570 1428 et
583 1374 619 1430 de
636 1375 725 1430 reditu
735 1373 810 1428 ducis
822 1375 1002 1448 Lotharingiu
1015 1374 1044 1428 in
1055 1387 1151 1428 terram
1164 1391 1250 1428 suam.

416 1555 496 1626 Fuit
516 1553 623 1652 igitur
644 1555 941 1653 Burgundionum
957 1555 1055 1650 dux,
1073 1553 1288 1654 postclades
1311 1578 1333 1626 a
1348 1553 1429 1625 Sui-

368 1670 528 1743 tensibus
544 1675 724 1772 susceptus
746 1686 782 1744 et
798 1671 940 1769 lugam,
959 1697 1030 1770 qua
1047 1673 1084 1743 in
1104 1671 1348 1769 Burgundiam
1364 1693 1428 1744 au·

370 1787 481 1884 fugit,
513 1813 578 1887 per
602 1789 739 1886 aliquot
762 1786 1010 1860 hebdomadas
1035 1789 1130 1860 circa
1154 1789 1426 1878 Bisuntionem3

368 1904 432 1974 ubi
459 1904 631 2001 paulatim
664 1906 824 1978 animum
853 1928 1100 1992 reassumens,
1135 1928 1228 2002 quos
1261 1917 1426 2002 poterat,

368 2045 410 2092 ex
428 2020 486 2092 his
503 2022 566 2117 qui
582 2021 663 2117 luga
685 2020 779 2094 elabi
803 2035 994 2120 potuerant
1010 2075 1020 2114 ‚
1038 2019 1230 2117 colligebat
1249 2018 1427 2117 reliquos,

370 2137 623 2234 undecumque
643 2141 749 2210 etiarn
765 2164 894 2228 novos,
909 2155 981 2232 tam
1000 2137 1137 2237 pedites
1150 2162 1260 2236 quarn
1276 2136 1426 2234 equites,

369 2252 583 2326 adsciscens.

418 2369 522 2465 Atqui
534 2395 591 2442 res
606 2395 677 2442 suae
693 2369 809 2442 fractae
826 2385 861 2442 et
871 2371 995 2444 lacerae
1006 2369 1168 2470 profecto
1186 2368 1341 2468 pessimo
1359 2382 1431 2441 sta-

367 2484 456 2555 bant
474 2483 570 2558 loco.
592 2490 681 2558 Nam
698 2511 782 2557 curn
799 2487 956 2585 primum
981 2486 1019 2558 in
1032 2485 1257 2584 ⁸sabaudiam
1272 2509 1354 2556 suas
1370 2509 1432 2556 co·

368 2603 444 2700 pias
471 2601 641 2676 adversus
666 2603 846 2674 Suitenses
872 2602 1086 2698 trajecisset,
1109 2601 1259 2698 quidam
1282 2624 1428 2691 comes,

370 2718 570 2788 Germanus
586 2718 753 2802 natione,
774 2717 838 2789 sed
854 2701 1024 2790 vassallus
1040 2715 1143 2788 ducis
1165 2714 1427 2812 Lotharingiae,

370 2847 614 2930 cognomento
642 2834 687 2906 de
715 2835 881 2926 Birrb',
902 2836 1024 2932 gravia
1059 2833 1193 2906 damna
1229 2838 1337 2930 atque
1365 2833 1431 2902 im-

370 2948 576 3045 pedimenta
600 2947 670 3021 sibi
706 2964 741 3022 et
774 2950 853 3044 his,
877 2951 939 3049 qui
964 2951 997 3020 ei
1028 2964 1102 3021 tam
1134 2949 1172 3019 in
1202 2945 1433 3042 Lotharingia

369 3090 478 3162 quam
508 3069 545 3140 iu
576 3080 669 3139 terra
696 3067 999 3164 Luxemburgensi
1034 3065 1236 3167 parebant,
1268 3057 1463 3136 dietenus'

234 3209 241 3224 ’
368 3180 552 3254 inserebat.
585 3183 749 3281 Habebat
775 3185 908 3284 quippe
935 3183 1100 3282 quaedam
1125 3195 1239 3254 castra
1266 3181 1432 3253 munitis·

368 3296 457 3368 sima
475 3299 510 3369 in
531 3296 689 3370 finitimis
707 3297 945 3394 Lotharingiae
961 3311 997 3370 et
1015 3296 1247 3388 Alemanniae,
1265 3317 1346 3395 quae
1358 3296 1429 3369 dux

371 3413 584 3508 Burgundiae
602 3414 640 3486 in
658 3427 867 3511 conquaestu
887 3415 1141 3512 Lotbaringiae,
1162 3413 1341 3486 desiderio
1365 3413 1432 3486 les-

371 3528 508 3600 tinandi
533 3529 579 3605 ad
603 3528 740 3602 bellum
765 3530 1006 3625 Suitensium,
1035 3532 1169 3604 intacta
1193 3553 1261 3601 nec
1286 3528 1433 3602 subacta

370 3642 574 3744 reliquerat.
608 3651 635 3716 E
658 3644 788 3745 quibus
811 3661 847 3719 et
873 3647 978 3740 alias,
1012 3646 1265 3743 undecumque
1292 3646 1430 3744 potuit,

369 3779 443 3837 tam
456 3765 617 3863 equitum
635 3788 744 3863 quarn
761 3763 924 3864 peditum
942 3765 1082 3836 circiter
1099 3762 1196 3835 mille
1215 3763 1429 3860 aggregavit.

373 3880 520 3953 insidias
543 3880 663 3978 itaque
687 3879 828 3980 oppidis
855 3895 890 3951 et
921 3877 1071 3952 castellis
1093 3876 1331 3973 Lothariugiae
1354 3891 1433 3949 ten·

372 3995 481 4087 dens,
501 4010 536 4068 et
556 4010 689 4070 terram
712 4020 794 4066 cum
813 4018 880 4066 suo
901 3993 1075 4066 comitatu
1093 3990 1334 4090 perlustrans,
1353 4016 1434 4090 quae

371 4129 407 4186 et
419 4127 552 4214 quanta
559 4126 715 4212 poterat,
734 4111 1049 4210 Burgundionibus
1059 4108 1259 4201 auferebat,
1278 4110 1316 4181 in
1332 4133 1442 4182 suam.

413 4327 441 4384 l.
464 4323 574 4398 Simon,
589 4337 683 4384 comte
698 4321 735 4382 de
752 4321 851 4384 Bitcbe
865 4334 893 4381 et
905 4318 941 4378 de
955 4321 1151 4379 Dent-Ponts.
