3402 5186
669 515 779 572 ntum
798 515 947 574 antuus,
1300 521 1338 579 ts

276 651 339 726 ubi
354 662 473 722 nutem
485 647 595 721 totius
609 644 692 720 sacti
705 671 851 720 scenam
868 662 905 720 et
917 646 993 720 dott
1009 661 1116 746 atque
1129 647 1341 724 insidiarum

276 764 565 838 machinamenta
585 762 801 858 denudaret,
821 789 921 864 spem
944 764 1207 863 consequendae
1228 767 1341 840 veniae

275 881 409 955 habere
429 904 556 980 posse,
576 903 724 952 omnem
744 903 838 973 rem,
861 892 971 978 prout
990 878 1057 950 sibi
1078 879 1248 952 mandata
1266 897 1341 954 erat

274 1013 312 1070 et
324 993 489 1071 eamdem
501 993 757 1095 perficiendam
770 1008 988 1094 susceperat,
998 996 1138 1094 aperuit
1148 1010 1184 1068 et
1193 995 1338 1069 detexit.

325 1115 421 1185 Dixit
440 1113 557 1201 enim,
582 1113 632 1183 uti
651 1109 759 1210 vulgo
777 1111 968 1202 serebatur,
993 1136 1031 1184 se
1051 1135 1175 1210 arege
1193 1115 1341 1188 missum

277 1252 354 1302 esse
375 1228 424 1300 ob
448 1227 558 1325 idque
574 1225 635 1298 illo
657 1227 814 1318 venisse,
838 1239 877 1296 ut
898 1225 1089 1299 dominum
1104 1227 1274 1300 comitem
1295 1229 1342 1304 de

279 1343 480 1438 escroton,
505 1342 576 1416 illic
593 1342 669 1441 jam
685 1367 750 1442 per
767 1341 917 1441 longum
937 1357 1080 1445 tempus
1100 1328 1339 1442 remoratum,

277 1461 340 1558 qui
366 1461 547 1533 interdum
575 1485 617 1532 ex
644 1460 930 1549 consuetudine,
958 1461 1180 1534 remissionis
1208 1463 1338 1560 gratia,
1442 1512 1447 1532 .

278 1579 373 1651 exire
394 1577 441 1650 ad
460 1601 610 1676 campos
630 1592 666 1649 et
685 1576 843 1649 fluminis
866 1577 961 1675 ripas
977 1577 1265 1677 perambulando
1285 1578 1342 1651 lu-

278 1709 389 1768 strare
404 1708 610 1765 consuesset
623 1718 707 1764 cum
721 1692 821 1764 nullo
838 1707 900 1763 aut
916 1717 997 1764 raro
1014 1691 1227 1791 plerumque
1241 1693 1343 1765 satel-

277 1811 351 1903 lite,
370 1811 399 1882 si
415 1823 548 1909 posset,
563 1807 878 1909 apprehenderet¹,
895 1823 931 1880 et
942 1808 988 1879 ad
1003 1833 1131 1882 navem
1143 1809 1342 1881 immissum

280 1926 373 1998 illico
390 1939 592 2025 exportaret
612 1940 648 1997 et
664 1924 711 1996 ad
734 1948 854 2021 regem
876 1948 982 1996 suurn
1004 1923 1161 1997 duceret.
1186 1925 1296 2013 Quod
1312 1928 1343 1998 si

279 2041 402 2113 vivum
426 2054 613 2138 exportare
636 2064 710 2111 nou
736 2027 897 2131 valeret,¹
914 2054 1100 2138 amputato
1118 2041 1250 2140 capite,
1278 2065 1343 2114 ca-

281 2173 346 2257 put
369 2158 479 2258 ipsius
504 2157 629 2229 saltem
658 2180 780 2228 secum
801 2155 1007 2228 adveheret.
1033 2160 1115 2230 Haec
1139 2157 1343 2232 confessum

279 2297 402 2350 coram
429 2271 550 2345 multis
577 2269 647 2343 fide
670 2271 787 2368 dignis
816 2271 965 2343 testibus
993 2288 1029 2344 et
1052 2274 1137 2345 viris
1162 2275 1344 2348 nobilibus

279 2389 488 2488 praedictum
509 2389 698 2461 domiuum
715 2386 926 2484 Bastardum
947 2386 992 2458 de
1013 2388 1226 2486 Rubemprd,
1246 2392 1344 2465 nulla

279 2505 314 2577 vi
332 2505 399 2577 sibi
421 2503 584 2602 adhibita
603 2516 885 2594 tormentorum,
906 2527 1032 2576 omnes
1049 2503 1222 2580 dedomo
1239 2509 1343 2581 etfa-

279 2622 377 2696 milia
389 2622 523 2723 prefati
536 2620 677 2692 comitis
688 2619 735 2692 de
750 2619 936 2690 Charolois
947 2622 1234 2694 constantissime
1250 2623 1345 2696 aiiir-

280 2739 440 2812 mebant.
1291 2733 1295 2744 “

330 2855 414 2952 Ejus
430 2879 517 2928 vero
535 2854 655 2927 audita
668 2851 906 2941 confessione,
925 2850 1033 2952 sociis
1043 2850 1143 2925 abire
1158 2852 1342 2948 dimissis',

280 2995 372 3068 quos
392 2971 473 3043 facti
492 2971 776 3069 insidiarumque
800 2969 944 3067 ignaros
965 2967 1202 3041 verisimiliter
1221 2969 1346 3043 existi-

281 3087 408 3178 mavit,
434 3088 551 3187 ipsum
574 3084 802 3176 Bastardum,
825 3109 908 3157 cum
931 3109 1005 3157 uno
1025 3084 1081 3157 vel
1105 3084 1250 3159 duobus
1271 3085 1346 3159 doli

281 3205 446 3294 consciis,
460 3204 621 3276 vinctum
633 3201 747 3274 tenuit
759 3216 794 3274 et
807 3199 960 3275 servavit
971 3201 1046 3294 diu,
1063 3205 1140 3274 Deo
1155 3204 1347 3278 immensas

281 3345 389 3419 agens
415 3322 560 3418 gratias,
587 3334 743 3418 votaque
766 3319 916 3418 supplex
941 3332 976 3389 et
1000 3343 1148 3414 munera
1172 3319 1343 3411 offerens,

281 3442 381 3542 quod
408 3443 515 3514 tantis
545 3467 583 3513 se
614 3455 778 3539 ereptum
805 3437 989 3538 periculis,
1021 3463 1084 3511 sua
1114 3439 1344 3537 dignatione,

283 3558 502 3630 incolumem
523 3571 746 3631 servassetet
762 3554 927 3627 liberum.

331 3675 425 3744 Facti
447 3675 566 3771 itaque
588 3675 697 3745 totius
718 3672 839 3768 agnita
859 3671 1027 3762 veritate,
1051 3672 1147 3744 illico
1168 3697 1234 3770 per
1253 3671 1347 3746 fidos

283 3789 430 3862 nuntios
457 3815 541 3862 cnm
568 3791 668 3862 omni
695 3789 874 3862 celeritate
900 3812 977 3860 rem
1002 3790 1094 3888 patri
1118 3787 1268 3860 indicari
1284 3814 1348 3862 cu·

283 3906 389 3996 ravit3
409 3906 470 4003 qui
485 3904 603 3978 adhuc
618 3906 656 3978 in
672 3903 809 4006 oppido
824 3929 889 3976 suo
905 3904 950 3977 de
968 3905 1147 3978 Hesdinclr
1162 3906 1345 4000 exsistens,

325 4173 353 4226 i.
377 4167 598 4244 Appreltendere
611 4163 683 4223 daus
697 4167 724 4224 le
738 4107 793 4222 ads.

325 4260 356 4318 ἱ.
378 4255 514 4337 Corrigez
521 4257 680 4332 permissis.
