3402 5186
392 537 430 594 82
663 533 923 592 mstoaltltuat
942 532 1121 592 Lunovlcl
1141 535 1184 590 XI

393 665 574 764 fluctuque
586 665 701 764 magis
714 664 848 737 mobile
858 665 997 763 vulgus,
1009 664 1073 738 diu
1088 664 1150 739 tali
1166 665 1203 736 in
1221 664 1456 738 exsultatione

394 783 601 882 permansit.
618 783 742 854 Statim
758 782 856 855 enim
869 795 1061 880 postquam
1078 782 1266 882 paululum
1281 781 1349 855 sub
1362 783 1455 880 regis

394 895 635 970 constitissent
661 896 815 989 ditione,
841 897 961 969 onusti
992 895 1096 968 talliis
1121 911 1156 969 et
1183 895 1326 970 tributis
1348 899 1456 994 longe

392 1037 500 1111 supra
514 1035 624 1110 quam
639 1025 721 1084 aute
737 1011 984 1103 assuevissent,
1003 1011 1109 1108 quale
1122 1024 1213 1083 esset
1225 1011 1343 1107 regale
1362 1011 1457 1084 sasti-

394 1129 492 1224 gium
504 1128 658 1225 juraque
673 1125 774 1223 regni
789 1125 1035 1224 experimento
1049 1126 1307 1226 probaverunt.

725 1431 982 1500 CAPITULUM
1007 1432 1131 1500 XXIV.

394 1632 433 1683 De
450 1629 627 1702 legationibus
646 1627 825 1700 frequentibus
842 1625 878 1681 ad
895 1625 990 1681 ducem
1005 1627 1151 1683 'Britannias
1169 1628 1268 1696 missis,
1286 1643 1312 1684 et
1324 1645 1457 1686 conventu

430 1711 582 1784 principum
592 1711 711 1764 Turonis
723 1710 831 1778 habito;
844 1722 905 1782 post
918 1727 998 1780 quem
1011 1710 1125 1783 perrexit
1140 1728 1187 1764 rex
1199 1709 1235 1764 ad
1246 1709 1367 1765 rissndm
1378 1725 1459 1766 terras

432 1795 490 1846 suas
502 1789 639 1860 Picardiu,
651 1802 678 1844 et
689 1788 851 1863 Burgundio
864 1787 970 1842 ducem.

447 1977 585 2046 interea
607 1987 726 2046 autem
749 1971 838 2045 dum
863 1997 943 2070 quae
963 1980 1080 2070 supra
1095 1963 1375 2047 memoravimus
1397 2001 1457 2073 ge·

396 2102 572 2180 rerentur,
593 2087 762 2162 manebat
782 2112 924 2185 semper
945 2087 1038 2185 regis
1058 2112 1141 2160 cum
1162 2087 1254 2162 duce
1274 2091 1460 2164 Britannia

395 2203 600 2294 contentio,
620 2203 807 2299 minasque
824 2215 989 2274 metuens
1003 2203 1096 2299 regis
1112 2203 1188 2302 ipse
1206 2203 1295 2298 dux,
1316 2205 1461 2302 legatio·

396 2344 461 2390 nes
475 2317 655 2390 interdum
671 2316 717 2392 ad
735 2317 895 2414 Angliam
914 2315 1090 2406 mittebat,
1109 2342 1271 2415 quaerens
1288 2322 1462 2395 amicitias

396 2459 480 2508 cum
497 2433 677 2528 Edoard0,
692 2434 886 2529 Anglorum
903 2455 998 2529 rege,
1011 2432 1194 2506 interdum
1207 2436 1312 2508 etiam
1327 2437 1364 2508 in
1379 2438 1462 2510 Hol-

397 2552 573 2642 landiam,
594 2549 639 2624 ad
657 2551 826 2623 comitem
844 2549 889 2621 de
908 2547 1113 2642 Clzurolois,
1134 2549 1180 2621 ad
1198 2552 1461 2627 consolandum

398 2693 481 2742 eum
507 2667 672 2766 eoquod
695 2690 715 2738 a
737 2665 896 2765 paternis
924 2663 1198 2762 quodammodo
1220 2666 1353 2741 laribus
1377 2671 1461 2742 alie-

399 2801 504 2858 natus
524 2784 725 2859 videbatur.
750 2786 846 2856 Inter
866 2807 903 2854 se
920 2797 1041 2854 autem
1060 2783 1232 2856 amicitias
1250 2798 1286 2858 et
1301 2786 1463 2858 fratensi-

399 2917 509 2976 tatem
529 2925 714 2976 armorum
734 2900 938 2996 militiaeque
959 2900 1132 2972 maximas
1152 2903 1463 3002 tenacissimasque

400 3019 568 3093 colebant
590 3034 626 3093 et
643 3017 915 3091 observabant¹.
934 3020 1032 3106 Quas
1050 3017 1241 3093 dissociare
1257 3047 1299 3094 ac
1315 3022 1464 3094 disrum-

401 3161 486 3237 pere
512 3160 673 3234 quaerens
698 3158 780 3224 rex,
807 3158 852 3205 eo
881 3133 981 3230 quod
1006 3135 1079 3206 suis
1105 3138 1307 3236 concupitis
1331 3139 1464 3212 finibus

402 3251 544 3326 obstare
565 3252 761 3352 plurimum
785 3249 979 3342 videretur,
1003 3251 1111 3323 etiam
1135 3251 1336 3349 frequentes
1357 3255 1465 3328 desti-

445 3462 474 3520 t.
496 3458 520 3517 Ii
541 3479 560 3536 y
579 3457 657 3518 avait
674 3456 740 3535 pius
760 3475 818 3534 que
835 3455 908 3515 cela.
929 3456 1017 3516 Iouis
1037 3459 1097 3532 ΙΙΙ,
1121 3458 1193 3519 dans
1214 3460 1266 3521 des
1281 3462 1466 3523 instructions

405 3549 533 3609 donnr'res
557 3553 573 3607 b
595 3552 660 3620 Eu,
683 3548 712 3606 le
731 3549 770 3606 25
795 3545 960 3624 septembre
983 3549 1078 3617 1463,
1101 3569 1132 3609 se
1150 3550 1241 3630 piaint
1266 3551 1372 3630 qu’ily
1392 3573 1409 3612 a
1427 3571 1465 3613 eu

407 3667 420 3693 a
433 3637 568 3699 alliances
585 3638 698 3716 prinses
719 3654 785 3695 sans
807 3655 860 3696 son
883 3654 969 3709 scen,
993 3647 1094 3695 contre
1111 3637 1162 3718 luy
1181 3649 1209 3698 et
1231 3659 1283 3699 son
1302 3641 1464 3720 ruyaulme,

404 3728 594 3788 secretement
616 3737 644 3786 et
665 3743 719 3804 par
738 3723 934 3784 machinatiou
956 3735 1038 3784 entre
1058 3725 1128 3785 ledit
1149 3726 1251 3788 ducet
1269 3728 1297 3788 le
1316 3745 1409 3792 comte
1430 3730 1467 3791 de

405 3817 570 3890 Charoiois,
588 3816 679 3893 etqui
697 3814 742 3893 pis
761 3826 803 3874 est
822 3832 893 3873 avec
912 3812 939 3872 le
958 3833 1011 3891 roy
1030 3829 1059 3874 et
1077 3815 1104 3874 la
1119 3836 1210 3898 royne
1223 3817 1424 3900 d'Angleterre
1439 3831 1468 3880 et

401 3909 446 3969 les
459 3905 587 3986 Anglois.
601 3931 614 3958 ι
631 3904 655 3962 ll
667 3902 763 3978 ajoute
775 3923 833 3982 que
846 3902 874 3962 le
884 3902 941 3962 duc
953 3901 990 3962 de
1001 3909 1141 3984 Bretagne
1156 3937 1169 3960 u
1184 3907 1266 3968 aiait
1275 3908 1338 3969 dire
1350 3931 1466 3990 parson

403 4016 564 4082 procureur
574 4015 609 4054 en
619 4006 703 4053 court
712 3992 748 4053 de
756 3997 859 4068 Rornae,
868 3992 974 4053 devant
983 3992 1010 4052 ie
1019 3994 1093 4052 saint
1101 3999 1173 4056 Pera
1181 4012 1210 4057 et
1219 3999 1246 4058 le
1256 4000 1328 4060 saint
1339 4001 1466 4082 Colle'ge,

403 4089 473 4170 qu'il
491 4092 565 4147 n'est
578 4087 659 4166 point
672 4083 767 4158 subjet
779 4083 820 4142 du
834 4102 899 4166 roy,
915 4096 944 4144 et
956 4084 1027 4162 qu’il
1041 4083 1188 4146 bouteroit
1201 4088 1267 4167 plus
1281 4101 1338 4150 tost
1352 4090 1393 4150 les
1405 4097 1468 4152 An-

403 4181 476 4260 glois
493 4197 529 4238 en
546 4197 598 4237 son
615 4192 703 4256 pays,
724 4192 781 4252 que
797 4172 882 4232 ceulx
901 4173 951 4252 qui
972 4173 1095 4233 astoient
1110 4175 1266 4236 serviteurs
1284 4191 1313 4238 et
1325 4197 1408 4260 amys
1428 4179 1468 4240 du

404 4291 468 4349 roy,
484 4297 496 4324 ι
512 4275 586 4329 Dom
603 4265 723 4339 Murice,
741 4267 872 4338 preuves,
888 4276 909 4324 t.
924 4265 979 4338 ΙΙΙ,
994 4283 1026 4342 p.
1044 4267 1094 4328 Η.
