3272 5182
570 555 676 613 usna
704 517 868 616 rannus.
1190 565 1244 623 aar

190 682 302 754 modo
326 707 394 754 nec
419 683 631 775 solemnius,
661 716 727 763 nec
755 691 972 765 reverentius
992 707 1053 765 aut
1079 699 1249 770 sacratius

191 797 267 872 lieri
292 815 430 897 posset,
459 801 639 897 juraverat
663 807 873 882 habiturum
898 835 935 882 se
962 825 997 882 et
1024 830 1247 890 servaturum

189 929 378 1013 perpetuas
409 941 560 1014 pacem,
597 925 791 1012 amicitias,
829 927 1001 999 unionem
1029 944 1065 1001 et
1097 956 1247 1005 concor·

191 1030 287 1101 diam
312 1055 396 1103 cum
422 1034 499 1131 ipso
525 1035 617 1109 duce
645 1042 867 1138 Burgundiae,
895 1042 1030 1140 absque
1052 1045 1123 1120 hoc
1147 1049 1248 1146 quod

188 1170 414 1244 quacumque
431 1149 503 1235 via,
522 1152 643 1227 medio
656 1180 719 1230 seu
737 1157 893 1255 querela,
908 1185 1143 1261 quaecumque
1158 1165 1250 1238 loret

189 1276 250 1332 aut
265 1286 444 1362 emergere
461 1283 598 1364 posset,
619 1273 694 1369 ipse
717 1274 847 1347 faceret
864 1301 924 1347 seu
949 1276 1067 1370 daret,
1088 1294 1151 1351 aut
1173 1281 1248 1354 fieri

188 1401 253 1474 per
269 1377 378 1450 alium
399 1400 608 1477 procuraret
625 1412 812 1484 guerram,
830 1415 1020 1486 gravamen
1038 1418 1101 1465 seu
1119 1396 1251 1493 praeju-

189 1491 342 1585 dicium,
364 1511 426 1568 aut
447 1498 580 1570 malum
599 1503 855 1603 quodcumque
873 1506 990 1578 eidem
1016 1506 1099 1580 duci
1115 1511 1249 1606 (quem

189 1633 262 1680 non
280 1611 391 1684 modo
401 1637 513 1686 ¹suum
527 1633 734 1711 cognatum,
750 1621 814 1691 sed
832 1634 867 1692 et
883 1620 1039 1708 fratrem,
1056 1623 1249 1724 aliquando

188 1726 295 1798 etiam
312 1727 427 1800 filium
442 1731 679 1830 appellabat),
699 1735 824 1827 terris„
835 1736 1004 1808 dominiis
1021 1751 1083 1810 aut
1099 1738 1251 1813 subditis

188 1843 277 1934 suis;
306 1845 501 1940 quodque,
522 1848 551 1920 si
568 1873 639 1945 qua
657 1851 826 1924 intereos
845 1851 1049 1925 oboriretur
1064 1855 1250 1926 eontentio

187 1983 250 2030 seu
266 1961 411 2057 querela
429 1961 777 2059 (quemadmodum,
798 1969 836 2038 in
854 1966 961 2039 rebus
977 1968 1052 2039 istis
1066 1967 1248 2063 lrumanis,

187 2071 294 2147 etiam
321 2078 414 2148 inter
442 2078 564 2150 iratres
594 2095 630 2150 et
656 2085 838 2179 sanguinis
868 2085 1129 2158 necessitudine
1161 2113 1251 2159 con·

187 2192 445 2286 junctissimos,
478 2195 580 2267 facile
610 2197 754 2270 evenire
783 2198 917 2292 solet),
953 2225 1028 2272 non
1063 2200 1252 2274 inchoaret

188 2330 280 2378 unus
300 2307 470 2381 adversus
490 2310 601 2382 alium
629 2339 813 2409 guerram,
838 2314 900 2386 sed
928 2315 985 2387 vel
1008 2314 1246 2405 arbitrorum,

187 2423 242 2495 vel
255 2424 396 2521 parium
413 2428 597 2520 Franciae¹,
618 2430 674 2502 vel
692 2431 801 2529 ipsius
818 2431 1022 2529 apostolicae
1037 2430 1131 2504 sedis
1145 2432 1250 2528 judi-

186 2543 280 2614 cium
297 2542 452 2643 desuper
467 2559 724 2643 exspectarent.
1310 2641 1319 2648 ·

234 2659 373 2746 Quibus
397 2674 470 2731 tam
488 2661 738 2733 venerabiliter
767 2687 808 2734 ac
833 2661 997 2758 religiose
1025 2677 1249 2735 sacramento

187 2773 344 2868 firmatis,
357 2777 544 2874 quomodo
556 2781 750 2851 conveniat
764 2778 1012 2872 cohaereatque
1027 2776 1140 2848 loedus
1153 2777 1247 2850 istud

185 2916 269 2963 eum
300 2892 372 2964 hoc
401 2895 562 2992 principe
589 2895 743 2988 Walliae,
775 2909 815 2966 ut
849 2892 1056 2985 retulimus,
1092 2893 1245 2984 Γειτωηι,

186 3009 449 3105 unusquisque,
467 3012 696 3108 quantumvis
718 3012 849 3084 obtusa
872 3025 1012 3100 mente,
1032 3008 1133 3081 sacile
1157 3009 1249 3106 diju-

186 3123 304 3197 dicare
329 3141 460 3224 posset.
489 3126 557 3201 Sed
583 3143 619 3199 et
645 3128 808 3226 prolecto
831 3153 869 3200 se
893 3152 914 3198 a
937 3127 1010 3198 risu
1037 3125 1164 3222 aliquis
1190 3127 1247 3199 vix

185 3243 369 3316 continere
388 3244 516 3340 possit,
534 3243 623 3315 dum
648 3245 697 3316 ibi
719 3245 803 3341 legit
823 3244 924 3343 quod
943 3248 1163 3315 Francorum
1186 3268 1248 3316 rex

185 3358 339 3430 ilenrico
356 3374 391 3430 et
413 3363 630 3455 Margaretae‚
652 3363 810 3458 cognatis
831 3362 921 3450 sum,
942 3385 1083 3458 semper
1108 3359 1248 3432 favores

184 3488 220 3544 et
239 3474 368 3546 auxilia
387 3490 516 3547 contra
539 3475 748 3548 Edoardum
767 3475 809 3547 de
829 3479 866 3547 lu
884 3477 1050 3563 Marciae,
1071 3477 1247 3574 praestite-

185 3588 247 3680 rit,
268 3593 351 3661 cum
371 3593 454 3663 satis
477 3591 617 3664 notorie
637 3606 778 3663 constet
800 3592 925 3690 quod,
950 3606 1033 3663 ante
1058 3593 1167 3691 patris
1191 3593 1247 3664 sui

185 3704 349 3801 obitum,
385 3707 501 3781 eidem
542 3707 709 3780 Edoardo
743 3708 849 3780 suerit
882 3708 1073 3780 soederatus
1106 3709 1248 3808 sibique

183 3935 248 3994 nier
264 3936 302 3994 ici
318 3935 347 3994 la
363 3935 495 3995 violence
511 3933 631 3994 exercde
649 3945 750 3992 contre
767 3932 797 3991 le
815 3932 861 3990 roi
881 3935 903 3991 a·
917 3931 1064 4006 Peroune,
1082 3931 1208 4010 laquelle
1226 3933 1248 3990 il

184 4025 275 4084 s’etait
288 4028 422 4085 contente
437 4025 474 4085 de
490 4045 590 4104 passer
602 4043 670 4083 sous
686 4023 794 4082 silence
808 4021 878 4083 dans
895 4023 923 4082 le
936 4023 1008 4082 recit
1021 4023 1057 4083 de
1071 4023 1245 4086 l'entrevue.

183 4119 280 4194 Voyez
293 4117 448 4191 cidessus,
465 4137 494 4195 p.
515 4119 584 4177 189.

225 4209 254 4264 l.
271 4207 390 4266 Comme
401 4207 428 4266 le
440 4207 505 4285 plus
519 4205 612 4286 grand
625 4201 747 4264 nombre
761 4203 811 4262 des
826 4203 904 4283 pairs
916 4202 952 4263 de
965 4207 1074 4266 Franco
1088 4202 1248 4262 assistaient

186 4295 391 4356 al’assemblee
399 4296 437 4354 de
450 4300 555 4371 Tours,
572 4295 745 4374 l'argument
758 4292 795 4355 de
803 4293 927 4354 Thomas
936 4292 1022 4353 Basin
1032 4291 1154 4352 tombeb
1164 4293 1244 4353 saux.
