3402 5186
655 549 763 606 LIBER
783 544 932 607 PRIMUS.
1289 543 1327 605 ³⁵

263 682 377 784 pletes
392 681 591 756 admodum
604 679 698 754 ellici
711 677 840 774 solere,
861 678 946 779 ipsis
962 676 1072 752 fidem
1084 678 1187 751 dictis
1198 703 1325 751 eorum

264 800 482 874 habentibus
499 791 600 897 (licet
617 799 753 895 majore
771 823 815 870 ex
835 811 935 895 parte
956 819 1048 868 vana
1071 810 1179 893 atque
1200 794 1327 867 frivola

265 917 420 1014 essent),
445 915 545 990 facile
567 927 754 986 suaserunt
778 927 832 1004 ut,
856 913 983 1010 gratias
1007 911 1200 984 habentes¹
1222 911 1327 1007 regiae

265 1033 465 1132 dignationi
492 1032 726 1131 amplissimas
755 1028 888 1103 desua
913 1029 1048 1128 ingenti
1074 1029 1329 1111 clementiaac

265 1150 502 1246 benignitate,
525 1148 643 1222 eidem
664 1147 918 1220 instantissime
938 1145 1179 1246 supplicarent
1202 1160 1328 1242 quate·

266 1292 335 1339 nus
357 1291 467 1340 omne
488 1263 738 1365 hujuscemodi
763 1263 969 1337 officiorum
992 1289 1104 1362 genus
1128 1263 1271 1338 abolere
1295 1279 1331 1336 et

266 1387 488 1484 supprimere
509 1384 630 1474 vellet,
654 1406 922 1480 summamque,
944 1407 1053 1482 quam
1071 1383 1331 1483 imponendam

267 1499 490 1594 decerneret,
509 1503 729 1599 permitteret
742 1500 859 1596 colligi
876 1515 911 1572 et
927 1501 1037 1573 levari
1052 1525 1117 1599 per
1130 1516 1332 1600 receptores

267 1619 473 1717 patrimonii
498 1617 553 1692 sui
578 1615 698 1715 (quod
719 1615 777 1713 jus
806 1615 1028 1688 ordinarium
1057 1641 1119 1689 seu
1147 1615 1252 1690 fiscus
1277 1615 1334 1688 vel

268 1731 480 1806 domanium
502 1733 594 1830 regis
616 1731 850 1830 appellatur),
879 1756 1077 1829 causasque
1096 1757 1138 1804 ac
1158 1731 1236 1804 lites
1254 1755 1334 1830 quae

268 1847 423 1948 desuper
442 1864 673 1922 nascerentur
696 1848 793 1948 apud
816 1848 1008 1923 tribunalia
1024 1849 1276 1923 vicecomitum
1292 1871 1334 1920 ac

268 1963 483 2038 ballivorum
501 1963 643 2037 tractari
661 1980 698 2037 et
715 1964 859 2038 deduci.

319 2080 429 2170 Quod
457 2106 541 2153 cum
563 2082 691 2178 majori
715 2081 809 2180 parti
834 2103 962 2153 eorum
990 2080 1053 2178 qui
1080 2081 1118 2152 in
1143 2077 1205 2152 illa
1234 2095 1337 2154 erant

270 2198 546 2294 congregatione
583 2197 796 2296 placuisset,
827 2197 889 2295 qui
915 2197 1051 2294 majore
1076 2221 1119 2270 ex
1154 2214 1253 2297 parte
1290 2196 1337 2270 de

270 2312 453 2386 advocatis
473 2327 592 2408 erant,
616 2315 799 2410 elegerunt
815 2327 933 2386 certos
951 2313 1086 2409 legatos
1103 2337 1195 2409 quos
1215 2313 1261 2386 ad
1280 2339 1337 2388 re-

271 2454 370 2528 gem,
395 2431 458 2528 qui
477 2431 552 2527 jam
576 2455 620 2502 ex
645 2430 785 2504 Parisiis
809 2429 855 2502 ad
880 2428 1009 2501 urbem
1030 2433 1277 2502 Turonensem
1299 2456 1337 2504 se

271 2547 488 2638 conttderat,
508 2544 745 2619 destinarunt.
767 2545 856 2640 Qui,
876 2544 960 2616 licet
976 2543 1248 2618 facultatem'de
1266 2543 1338 2621 hoc

272 2684 293 2734 a
309 2659 430 2762 patriai
442 2663 590 2735 minime
604 2662 837 2762 accepissent,
857 2673 992 2752 tamen,
1010 2675 1050 2732 ut
1066 2659 1245 2766 dictorum
1260 2661 1339 2734 offi-

273 2779 413 2854 ciorum
431 2779 637 2853 obtinerent
660 2778 913 2872 abolitionem,
938 2801 1048 2876 quam
1070 2777 1126 2849 vel
1146 2777 1262 2852 solam
1280 2779 1336 2852 vel

201 2881 207 2894 ’
273 2897 489 2996 praecipuam
519 2897 684 2970 advocati
705 2895 957 2991 intendebant,
980 2911 1239 2968 consenserunt
1264 2895 1339 2993 regi

271 3039 339 3112 pro
354 3039 430 3086 uno
446 3035 544 3086 anno
562 3039 740 3086 summam
756 3013 1100 3112 quadringentarum
1116 3012 1213 3086 mille
1232 3012 1340 3088 libra·

274 3155 355 3204 rum
369 3144 522 3203 monetae
534 3131 668 3228 patriae,
680 3145 808 3229 praeter
819 3129 1034 3202 domanium
1048 3154 1167 3201 suum.
1184 3133 1253 3202 Pro
1268 3153 1339 3225 qua

273 3271 381 3346 super
397 3247 619 3347 provinciam
636 3246 870 3346 imponenda,
888 3245 1041 3320 levanda
1056 3259 1092 3318 et
1111 3245 1336 3344 colligenda,

274 3362 561 3463 deputandisque
585 3362 633 3435 ad
656 3361 695 3434 id
715 3361 928 3435 officialibus
950 3385 993 3434 ac
1016 3361 1203 3457 ministris,
1226 3362 1340 3444 modo

273 3503 383 3575 quem
400 3480 594 3579 provinciae
609 3492 644 3550 et
657 3478 779 3576 patriae
795 3503 866 3550 suae
881 3477 1062 3549 utiliorem
1079 3491 1186 3575 atque
1203 3476 1337 3552 facilio-

275 3619 352 3666 rem
372 3595 564 3687 ducerent,
584 3594 877 3667 commissionem
898 3617 940 3666 ac
960 3592 1165 3666 facultatem
1185 3620 1337 3696 accepe-

275 3727 358 3783 runt
379 3736 401 3784 a
420 3737 503 3810 rege
525 3711 636 3784 iidem
653 3711 775 3808 legati,
799 3711 892 3782 inter
913 3733 1005 3807 quos
1027 3711 1196 3810 praecipui
1216 3727 1334 3805 erant,

275 3825 496 3900 venerabiles
505 3829 572 3901 viri
583 3828 750 3928 magister
758 3831 915 3900 Joannes
925 3831 1109 3922 Buucart',
1123 3853 1230 3902 sacrae
1242 3831 1340 3902 theo·

317 4047 346 4107 l.
369 4043 493 4102 Habenti
506 4044 576 4104 dans
590 4045 617 4106 le
630 4065 684 4106 ms.

316 4136 347 4193 2.
369 4137 410 4194 Le
421 4137 519 4193 Gallia
526 4135 682 4193 christiana
689 4134 732 4193 lui
740 4133 836 4192 donne
845 4132 873 4192 le
881 4152 950 4192 nom
964 4134 1001 4193 de
1013 4141 1083 4194 Jean
1095 4135 1227 4195 Bochard
1238 4139 1270 4210 (t.
1283 4141 1338 4215 XI,

276 4222 333 4282 col.
349 4226 430 4298 tat).
445 4223 470 4282 ll
487 4224 548 4298 sut,
562 4243 674 4307 comme
686 4223 810 4282 Thomas
823 4221 929 4297 Basin,
944 4221 983 4281 de
995 4243 1070 4283 ceux
1085 4243 1142 4303 que
1155 4224 1274 4285 Charles
1288 4227 1341 4286 vu

277 4312 407 4374 consulta
419 4333 471 4374 sur
484 4311 512 4372 le
528 4315 632 4391 proces
644 4311 682 4372 de
695 4312 725 4374 la
738 4311 863 4372 Pucelle.
