3384 5184
653 535 764 592 Lmen
792 533 994 596 SECUNDUS.
1295 536 1352 596 tot

291 666 442 755 sierunt,
459 663 648 737 sedetiam
666 665 937 740 occasionaliter
954 665 1177 738 infinitorum
1193 663 1355 740 fidelium

290 782 573 880 persecutionis,
605 795 642 853 et
667 782 892 856 cruciatuum
914 785 1098 857 variorum
1125 798 1232 881 atque
1255 787 1354 858 necis

290 921 414 970 causas
429 897 654 970 excitarunt?
669 899 758 986 Quis
778 915 929 974 conatus
951 901 1237 974 Christianorum
1254 903 1355 1001 priu-

289 1015 411 1114 cipum
428 1029 464 1086 et
479 1029 607 1088 sanctae
630 1015 795 1088 Ecclesiae
815 1018 904 1111 Dei,
934 1017 981 1090 ad
1004 1017 1289 1115 recuperandam
1306 1019 1353 1092 ab

285 1129 495 1235 infidelibus
514 1135 660 1205 Terram
681 1133 866 1224 Sanctam,
892 1131 1094 1232 culpandos
1115 1146 1223 1231 atque
1250 1133 1353 1207 dam·

288 1245 431 1318 nandos
451 1244 601 1334 dixerit,
618 1246 701 1318 licet
716 1260 869 1319 conatus
887 1271 1014 1320 eorum
1032 1272 1216 1320 successus
1235 1248 1353 1322 felices

287 1385 363 1432 non
381 1360 494 1432 modo
511 1386 587 1433 non
603 1361 736 1434 suerint
752 1364 917 1450 assecuti,
932 1363 995 1434 sed
1012 1365 1121 1436 etiam
1137 1365 1301 1436 interitus
1318 1379 1354 1436 et

288 1475 501 1575 perditionis
526 1477 859 1575 persecutionisque
881 1476 1107 1550 infinitorum
1131 1479 1353 1554 Christiano·

289 1615 370 1663 rum
392 1593 520 1690 saepius
545 1593 687 1664 occasio
704 1605 739 1663 et
756 1615 865 1664 causa
880 1593 1102 1665 exstiterint?
1118 1597 1202 1666 Sine
1222 1594 1353 1693 quibus

288 1705 478 1778 conatibus
511 1705 719 1802 hujusmodi
752 1707 871 1778 clades
903 1709 1051 1780 minime
1088 1712 1348 1806 provenissent.

289 1809 404 1894 Nemo
420 1822 574 1920 quippe,
594 1823 661 1894 nisi
680 1824 834 1896 nimium
850 1824 1097 1896 contentiosus
1113 1849 1155 1897 ac
1170 1828 1349 1924 pervicax,

287 1937 433 2010 infitiari
453 1917 600 2037 poterit,
617 1940 706 2036 quin
731 1931 886 2012 maxima
904 1940 1077 2034 ingruerit
1102 1955 1190 2012 tuuc
1216 1943 1352 2040 (neque

287 2077 385 2126 nunc
408 2054 543 2146 minus)
565 2054 828 2152 rempublicam
845 2057 944 2152 regui
960 2055 1148 2128 reformari
1170 2057 1208 2129 in
1225 2058 1352 2132 melius
1389 2079 1393 2088 ·

287 2168 434 2242 evidens
450 2183 487 2241 et
500 2169 686 2242 manifesta
703 2172 906 2244 necessitas.
936 2176 1078 2264 Quare,
1106 2198 1189 2244 cum
1204 2175 1250 2245 ad
1264 2198 1352 2245 cou-

191 2341 193 2348 ,
286 2284 478 2358 sulcudum
496 2287 529 2358 ei
546 2290 603 2360 vix
617 2285 685 2359 alia
700 2287 773 2358 ulla
791 2287 903 2360 modo
920 2288 1081 2360 hnmano
1092 2289 1149 2360 via
1162 2290 1280 2386 aptior
1291 2313 1351 2360 tes·

285 2403 406 2474 timeri
439 2423 503 2474 seu
529 2402 731 2474 adinveniri
754 2427 860 2501 posse
888 2418 1099 2500 putaretur,
1128 2427 1277 2501 operam
1304 2403 1351 2476 ad

285 2539 365 2591 carn
388 2540 466 2590 rent
489 2533 564 2590 tam
586 2517 721 2590 licitam
743 2531 892 2616 tamque
914 2519 1039 2590 utilem
1057 2533 1093 2592 et
1114 2521 1350 2593 necessariam

285 2633 431 2725 dantes,
459 2631 558 2706 bona
578 2647 615 2705 et
633 2646 730 2706 recta
744 2634 945 2706 intentione
967 2635 1095 2705 merito
1115 2633 1351 2733 inculpabiles

285 2751 456 2824 censendi
468 2765 566 2840 sunt,
585 2751 692 2823 ctiam
707 2751 750 2840 si,
768 2751 818 2822 ob
834 2751 1013 2823 malornm
1026 2751 1229 2849 aliquorum
1242 2766 1350 2850 atque

285 2869 492 2967 iniquorum
507 2867 700 2939 homiuum
715 2866 878 2967 culpam,
902 2892 978 2960 res,
1003 2859 1056 2939 uti
1075 2882 1257 2966 speratum
1273 2869 1349 2942 fua·

285 2994 357 3074 rat,
378 2981 516 3056 felicem
538 2983 673 3054 exitum
694 3008 768 3055 non
791 2984 928 3056 invenit
949 3007 1068 3081 neque
1088 2985 1237 3082 accepit.
1265 2985 1349 3058 Sine

284 3099 391 3198 culpa
402 3099 537 3197 quippe
550 3098 693 3170 fuerunt
704 3099 843 3198 illi,qui
855 3107 1021 3198 parentes
1031 3105 1346 3198 proeceptolosuae,

283 3217 330 3290 ad
352 3214 630 3317 expugnandam
660 3219 839 3291 civitatem
864 3219 931 3291 Hai
955 3219 1072 3316 prima
1098 3218 1175 3290 vice
1197 3217 1348 3316 proiecti
1426 3241 1431 3253 ·

283 3349 387 3434 sunt,
405 3335 488 3407 licet
504 3349 652 3433 propter
667 3350 855 3432 peccatum
872 3335 1009 3428 Achan,
1029 3335 1092 3431 qui
1109 3349 1235 3408 contra
1256 3334 1347 3408 divi·
1442 3327 1447 3340 ’

283 3473 373 3523 num
388 3450 582 3548 imperinm
602 3449 729 3522 tulerat
751 3449 798 3521 dc
820 3450 1047 3523 anathemate
1067 3450 1232 3544 lericho,
1256 3451 1348 3526 infe-

250 3627 253 3632 *
282 3563 396 3637 liciter
410 3564 457 3636 ab
474 3563 641 3636 hostibus
654 3587 761 3636 caesos
776 3564 884 3636 fuisse
901 3564 1111 3662 fugatosque
1127 3579 1281 3638 constet.

333 3687 376 3754 Et
401 3682 450 3756 ita
472 3704 583 3779 opera
601 3679 720 3773 bona,
747 3694 783 3752 et
810 3675 910 3754 bona
936 3675 1137 3754 intentione
1160 3695 1344 3779 suscepta,

281 3813 472 3898 propterea
487 3798 637 3870 minime
653 3795 861 3869 damnanda
878 3811 975 3886 sunt,
991 3813 1067 3870 esto
1084 3797 1186 3896 quod
1203 3823 1246 3870 ex
1261 3797 1348 3897 ipsis

283 3914 436 4005 fructus,
465 3916 526 4014 qui
544 3927 705 4013 speratus
721 3911 853 4005 fuerat,
880 3914 1028 3986 minime
1044 3911 1242 4011 aliquando
1259 3937 1347 4012 pro·

280 4031 411 4107 veniat.
444 4034 593 4103 Constat
619 4030 649 4102 si
678 4027 826 4126 quidem
854 4027 1069 4127 aliquando,
1096 4029 1227 4104 talibus
1252 4028 1318 4100 viis
1327 4083 1344 4122 ,

282 4149 418 4247 optime
435 4146 640 4246 reipublicae
655 4147 762 4218 fuisse
782 4147 1001 4234 consultum,
1022 4163 1059 4220 et
1072 4161 1241 4246 purgatas
1253 4169 1346 4247 saepe

283 4265 492 4338 saevissimas
509 4263 615 4336 fuisse
629 4263 850 4362 tyrannides,
867 4280 902 4337 et
917 4266 1119 4340 exstinctas.
1132 4261 1240 4353 Quod
1256 4275 1291 4338 ct
1308 4265 1345 4337 in
