3322 5172
376 511 434 568 ³76
642 503 899 564 fflsrottmttutt
916 503 1095 594 tunovlcl
1113 503 1157 559 xl

301 717 307 724 ,
376 641 532 740 plateam
547 637 678 710 scilicet
696 661 775 732 quae
795 634 1164 709 Sancti-Johannistn
1181 635 1311 708 Gravia
1329 634 1444 731 vulgo

271 742 281 815 .'
377 757 634 854 nuncupatur¹.
659 757 743 824 Erat
762 767 883 824 autem
899 750 970 823 illic
985 751 1082 824 velut
1093 750 1250 823 tribunal
1267 775 1444 848 magnum

376 887 411 944 et
428 870 540 942 altum
556 869 592 939 in
611 866 731 939 medio
747 880 963 938 exstructum
981 881 1017 938 et
1032 881 1190 939 erectum
1208 892 1292 938 cum
1315 866 1446 964 gradi-

376 984 465 1074 bus,
485 997 524 1056 ut
541 980 588 1052 ad
603 981 714 1080 ipsius
729 979 871 1052 culmen
886 980 1130 1074 scanderetur,
1148 981 1233 1053 satis
1250 980 1447 1078 magnifice

377 1099 423 1171 de
442 1099 539 1196 ligno
557 1093 779 1167 fabricatum.
801 1096 930 1167 Pannis
951 1096 1098 1194 quidem
1120 1096 1165 1168 de
1188 1097 1310 1170 veluto
1334 1099 1446 1194 nigro

376 1215 426 1286 ita
445 1213 600 1285 velatum
618 1210 856 1306 vestitumque
874 1226 962 1298 erat,
986 1226 1025 1283 ut
1048 1211 1165 1309 lignea
1183 1213 1352 1286 machina
1369 1215 1446 1285 mi-

376 1330 472 1400 nime
489 1338 709 1399 cerneretur.

426 1447 516 1516 Cum
534 1442 641 1540 igitur
660 1440 707 1513 ad
728 1465 911 1515 summum
932 1467 1047 1541 usque
1064 1442 1213 1540 hujusce
1230 1443 1308 1515 altae
1324 1457 1445 1515 struc-

377 1574 588 1650 turae„cu,m
606 1558 668 1646 iis,
691 1558 754 1655 qui
775 1583 859 1628 cum
883 1557 1126 1648 adduxerant,
1143 1557 1444 1648 conscendisset

375 1674 468 1747 lecta
491 1688 544 1746 est
566 1672 710 1772 publice
732 1673 908 1745 consessio
930 1688 966 1745 et
985 1674 1242 1755 condemnatio
1259 1677 1356 1772 ejus,
1377 1699 1446 1748 au-

378 1787 559 1870 dientibus
591 1789 749 1881 cunctis,
784 1788 845 1886 qui
877 1791 1025 1886 propius
1054 1789 1195 1863 adstare
1225 1790 1441 1888 potuissent.

313 1907 314 1912 ’
380 1889 469 1976 Nam
488 1905 536 1976 ad
556 1903 798 2002 spectaculum
818 1905 1090 1994 contuendum,
1105 1906 1164 1978 cui
1182 1905 1297 1977 simile
1321 1905 1447 1978 multis

379 2035 475 2091 retro
503 2017 663 2092 aetatibus
687 2020 833 2093 minime
852 2002 969 2094 visum
985 2048 1048 2095 seu
1064 2023 1229 2096 auditum
1246 2022 1444 2112 serebatur,

380 2133 649 2207 innumerabilis
662 2159 764 2234 paene
776 2138 893 2208 omnis
906 2137 1056 2230 ordinis,
1070 2141 1179 2212 aetatis
1194 2153 1229 2212 et
1240 2165 1344 2212 sexus
1355 2141 1449 2212 mul·

381 2251 497 2323 titudo
522 2266 765 2323 concurrerat.
786 2256 1063 2330 Eaautemsua
1078 2257 1253 2330 sententia
1272 2281 1316 2328 ex
1337 2258 1448 2352 gestis

382 2366 533 2466 publicis
550 2367 712 2460 recitata,
734 2367 844 2440 veluti
859 2385 1126 2461 exauctoratus,
1147 2371 1315 2445 omnibus
1335 2371 1446 2445 officii

382 2483 543 2580 insigniis
564 2507 628 2581 per
649 2506 734 2556 eum
755 2483 1008 2578 administrati,
1029 2487 1153 2559 moniti
1174 2488 1282 2559 etiam
1305 2489 1448 2584 torquis

383 2623 516 2686 aureae,
541 2623 612 2697 qua
640 2623 700 2670 rex
727 2624 810 2671 eum
836 2599 1102 2697 insigniendum
1129 2603 1298 2693 duxerat,
1328 2603 1445 2676 nuda·

385 2729 441 2788 tus
459 2731 523 2788 est.

432 2837 476 2904 Et
492 2857 665 2930 eousque,
686 2830 909 2923 nutriebant,
928 2833 1048 2908 adhuc
1065 2835 1110 2907 de
1125 2835 1383 2932 consequenda
1394 2862 1450 2938 re·

384 2951 435 3046 gis
451 2950 562 3046 gratia
580 2973 655 3022 non
677 2948 899 3047 desperaret,
920 2951 1009 3048 quin
1037 2951 1126 3042 sibi,
1149 2950 1276 3024 talibus
1294 2953 1449 3048 ignomi-

385 3067 445 3140 nia
462 3080 497 3139 et
512 3065 647 3166 probro
665 3065 839 3162 usquead
855 3065 893 3139 id
908 3066 1049 3156 affecto,
1064 3068 1295 3162 satisfactum,
1311 3067 1449 3166 absque

385 3183 550 3283 supplicii
568 3182 892 3276 consummatione,
912 3183 1140 3256 confideret&
1155 3189 1295 3264 ‘Verum
1314 3209 1398 3256 cum
1410 3209 1449 3258 se

323 3347 327 3350 -
386 3301 436 3372 ita
449 3312 717 3371 exauctoratum
730 3299 879 3369 etomni
892 3299 1084 3398 spoliatum
1097 3294 1237 3376 honore
1251 3301 1447 3398 prospexit,

382 3414 458 3509 jam
475 3413 573 3486 nulla
591 3411 658 3484 sibi
673 3411 719 3486 de
731 3415 987 3511 consequenda
1002 3418 1106 3490 venia
1122 3429 1203 3516 spes
1218 3417 1388 3488 remansit
1399 3415 1451 3488 ul·

388 3527 517 3615 terius;
538 3527 600 3598 sed
618 3525 664 3600 de
690 3529 895 3626 temporalis
911 3530 996 3608 ,vitae
1022 3531 1276 3629 prorogatione
1301 3555 1451 3630 prorsus

428 3793 457 3850 t.
480 3791 617 3848 L'auteur
631 3787 757 3848 confond
771 3787 808 3848 ici
821 3789 849 3847 la
863 3787 945 3868 piace
960 3788 996 3849 de
1008 3790 1116 3864 Grdve,
1129 3788 1336 3850 situdedevant
1350 3789 1450 3851 l’hdtel

387 3879 424 3940 de
438 3879 524 3952 viiie,
540 3897 610 3936 avec
623 3877 734 3958 l’dglise
751 3877 787 3937 de
801 3879 968 3938 Saint-Jean
987 3899 1023 3938 en
1040 3881 1153 3950 Greve,
1170 3879 1221 3957 qui
1239 3879 1308 3938 etait
1322 3879 1451 3940 derriere

387 3983 432 4030 cet
446 3969 534 4028 horel.
551 3971 626 4030 C'est
638 3987 689 4027 sur
702 3968 730 4027 la
744 3969 826 4048 place
839 3969 876 4029 de
890 3972 986 4031 Greve
999 3990 1057 4050 que
1070 3971 1242 4030 l’execution
1257 3982 1307 4028 eut
1320 3968 1389 4034 lieu.

429 4064 459 4120 2.
481 4063 505 4118 u
521 4059 565 4117 fut
576 4057 679 4118 amend
693 4079 747 4138 par
761 4079 818 4120 une
832 4061 941 4120 fenetre
953 4060 991 4121 de
1005 4060 1104 4120 t’hotet
1119 4059 1155 4120 de
1170 4060 1249 4119 ville.

430 4153 460 4208 3.
485 4174 498 4202 ι
515 4148 539 4207 ΙΙ
554 4167 591 4208 ne
604 4147 714 4207 cnidoit
725 4149 807 4228 point
818 4168 876 4229 que
886 4153 913 4210 le
924 4171 978 4229 roy
989 4170 1027 4210 ne
1040 4170 1070 4209 sa
1079 4149 1183 4223 justice
1193 4149 1221 4209 ie
1231 4149 1367 4210 deusserat
1379 4149 1451 4210 [aira

390 4237 512 4298 mourir.
529 4262 544 4291 ι
560 4237 668 4298 Chrou.
684 4238 783 4298 scand.

1092 4333 1106 4366 Ι
