3384 5184
389 537 447 596 tto
472 597 474 600 ,
659 533 917 592 HISTORIARUM
936 531 1114 590 Luuovtcl
1132 533 1176 590 XI

384 684 451 759 est,
463 670 642 768 utDiepee,
656 664 1089 757 Harefluti‚t1atidobecci‚
1104 665 1326 756 llonnelluti,
1337 671 1449 739 Lexo-

388 786 459 876 vii,
486 784 678 878 Cadomi¹,
708 796 745 855 et
778 781 942 855 omnium
958 779 1069 852 ferme
1094 779 1314 878 oppidorum
1340 794 1449 879 atque

386 901 571 974 civitatum
598 897 777 972 inferioris
800 897 1026 971 Normanniae
1049 895 1216 968 defectio.
1247 902 1337 970 Nam
1362 924 1448 972 eum
1524 961 1529 972 .

385 1015 431 1088 ad
448 1015 585 1114 singula
609 1015 691 1088 loca
713 1015 785 1087 dux
816 1011 1004 1104 Borbonii,
1025 1037 1247 1111 prosequens
1268 1037 1291 1086 a
1310 1039 1348 1086 se
1364 1017 1449 1088 satis

384 1131 532 1204 feliciter
559 1130 773 1228 Rothomagi
787 1142 923 1228 coepta,
943 1127 1080 1226 aliquas
1101 1129 1270 1202 cohortes
1291 1145 1477 1239 armato-5

384 1271 465 1318 rum
485 1247 737 1342 transmitteret
754 1244 832 1344 (qui
849 1245 1084 1344 promittendi
1100 1245 1230 1320 uberes
1250 1229 1453 1346 plurim'uir'i
1475 1243 1492 1318 ἢ

383 1376 421 1433 et
449 1361 588 1462 copiosi
615 1375 739 1451 erant,
769 1360 1079 1460 quemadmodum
1106 1364 1182 1462 ipse
1211 1361 1319 1436 etiam
1334 1363 1446 1461 erat),

383 1477 506 1576 paucis
521 1479 676 1576 exceptis
692 1477 801 1570 locis,
829 1500 948 1550 raram
962 1493 1025 1550 aut
1040 1477 1177 1551 nullam
1192 1480 1374 1578 repulsam
1394 1481 1450 1552 in·

383 1609 574 1686 venerunt,
592 1595 655 1667 sed
670 1593 953 1693 omnesparendi
967 1609 1075 1690 atque
1088 1593 1284 1669 obediendi
1297 1595 1448 1668 domino

385 1711 516 1784 Carolo
532 1708 722 1813 promptos
736 1735 778 1783 ac
801 1710 965 1783 devotos.

430 1827 492 1899 His
508 1843 629 1900 autem
646 1851 709 1900 rer
726 1827 881 1924 acceptis
900 1826 1006 1897 novis
1020 1824 1066 1899 de
1084 1825 1288 1900 defectione
1307 1828 1447 1901 Rotho-

383 1945 605 2038 magensium
618 1958 654 2016 et
665 1941 821 2014 aliorum
836 1941 1075 2041 oppidorum,
1096 1941 1201 2014 valde
1216 1945 1340 2017 animo
1361 1971 1449 2018 eon·

384 2043 562 2131 sternatus
578 2059 663 2146 luit3
682 2058 862 2158 principes
878 2083 967 2131 uero
982 2060 1254 2156 conjurationis,
1267 2077 1303 2135 et
1316 2062 1368 2136 illi
1384 2089 1449 2161 po·

385 2173 520 2248 tissime
540 2175 603 2272 qui
620 2175 885 2272 conjunctiores
901 2174 1052 2248 domino
1071 2178 1201 2251 Carolo
1217 2193 1332 2274 eraut,
1345 2180 1448 2253 valde

382 2289 568 2364 exhilarati
593 2305 630 2364 et
649 2293 725 2391 spei
746 2292 902 2364 melioris
917 2291 1045 2365 ellecti.
1071 2290 1174 2367 Unde
1190 2319 1251 2367 rex
1269 2297 1394 2370 videns
1410 2314 1447 2371 et

383 2407 588 2480 existimans
602 2433 678 2481 non
692 2409 811 2481 minus
820 2407 922 2482 facile
935 2433 1052 2510 posse,
1065 2433 1145 2506 quae
1160 2409 1280 2484 adhuc
1293 2427 1445 2507 teneret,

384 2522 549 2622 perdere,
561 2547 675 2622 ‘qnam
688 2525 946 2598 Normanniam
957 2524 1184 2626 perdidisset,
1202 2542 1242 2600 ut
1255 2551 1339 2601 cum
1353 2529 1449 2628 prin·

310 2643 313 2650 '
384 2639 523 2738 cipibus
543 2655 733 2714 tractatum
751 2641 945 2717 hone'stum
968 2642 1169 2737 inveniret,
1197 2657 1340 2742 treugas
1362 2670 1447 2718 eum

385 2758 519 2833 eisdem
533 2759 626 2833 secit.
646 2759 787 2848 Quibus
804 2760 966 2853 firmatis,
989 2783 1073 2830 cum
1091 2755 1225 2850 eisdem
1244 2785 1309 2860 per
1326 2759 1447 2862 plures

385 2873 462 2950 dies
477 2875 677 2950 collocutus
690 2889 762 2969 est,
788 2874 934 2948 studens
948 2899 1091 2974 semper
1111 2889 1146 2947 et
1169 2877 1329 2970 enitens,
1353 2903 1446 2951 non·

384 2991 491 3065 nullis
507 3015 638 3089 magna
652 2989 921 3089 promittendo,
948 2989 1025 3062 aliis
1040 2989 1211 3064 adversus
1228 2991 1317 3066 alios
1331 2991 1396 3066 zeli
1413 3009 1448 3067 et

321 3145 324 3154 ·
384 3106 506 3180 livoris
521 3105 615 3178 laces
637 3105 845 3202 accendere,
862 3120 902 3178 ut
920 3128 982 3179 eos
998 3130 1020 3179 a
1036 3107 1254 3200 seinvicem,
1272 3125 1306 3182 et
1319 3111 1447 3184 animis

384 3240 421 3298 et
439 3222 675 3325 corporibus,
702 3221 920 3321 quibuslibet
940 3222 1076 3297 artibus
1100 3225 1318 3325 disjungeret
1340 3240 1448 3327 atque

379 3354 578 3442 separaret.

436 3457 649 3530 Praeticarat
664 3468 783 3528 autem
800 3455 876 3554 ipse
891 3478 953 3530 rex
968 3469 1005 3528 et
1020 3456 1058 3527 in
1074 3481 1174 3529 arma
1187 3459 1445 3550 concitaverat,

385 3599 450 3677 per
465 3575 584 3674 plures
604 3572 739 3670 legatos
757 3581 793 3646 ct
808 3572 992 3672 epistolas,
1019 3571 1271 3647 Leodiensium
1292 3573 1448 3675 populos

323 3763 325 3768 .
386 3693 555 3766 adversus
570 3689 868 3788 Burgundionum
884 3689 1014 3764 ducem
1035 3717 1043 3760 :
1068 3691 1132 3789 qui
1149 3693 1233 3765 satis
1246 3691 1294 3766 ad
1310 3693 1347 3766 id
1362 3719 1449 3792 pro-

385 3810 515 3900 clives,
552 3823 701 3910 propter
727 3808 965 3882 inveteratum
993 3805 1119 3880 odium
1146 3807 1295 3907 quoda
1327 3809 1448 3882 multis

385 3924 607 4029 temporibus
622 3948 764 4023 semper
780 3922 827 3996 ad
844 3922 1119 4021 Burgundiones
1130 3949 1330 4022 eorumque
1346 3926 1448 4024 prin-

385 4046 483 4146 cipes
498 4043 701 4117 habuerant
711 4055 747 4113 et
758 4039 954 4131 habebant,
974 4053 1081 4139 atque
1090 4041 1210 4142 faciles
1223 4042 1445 4115 exstiterant.

425 4294 454 4349 t.
477 4289 600 4369 Dieppe,
615 4288 761 4362 Harfleur,
776 4286 939 4363 Caudebec,
956 4289 1108 4366 Honlleur,
1124 4288 1252 4364 Lisieux‚
1269 4289 1357 4350 Caen.
