3384 5184
395 527 434 588 te
667 518 927 580 msrommmr
946 517 1188 599 cononum

394 683 471 732 uon
491 655 667 756 perituras
681 677 769 753 opes
784 666 822 730 et
841 650 1032 724 mendaces
1048 648 1191 723 divitias
1210 649 1288 722 sine
1304 650 1459 722 termino

394 787 432 846 et
464 773 541 845 sine
573 770 687 843 modo
718 793 914 866 congerere
938 782 975 839 et
1001 766 1186 839 cumulare
1212 781 1367 864 quaerat,
1397 767 1461 839 sed

395 888 507 962 animi
519 887 665 958 virtutes
678 898 714 956 et
724 884 869 981 spiritus
881 881 991 974 dona,
1006 905 1086 979 quae
1095 905 1180 953 vere
1190 879 1477 968 dominatorem,

394 1004 570 1076 invictum
587 1023 845 1097 securumque,
865 1012 902 1070 et
920 1000 1094 1071 veraciter
1114 1021 1253 1094 regem,
1276 1021 1461 1096 possesso·

394 1142 471 1191 rem
486 1141 593 1190 suum
606 1113 778 1189 efficiunt.
795 1111 989 1186 Bellissime
1001 1113 1150 1211 quidem
1166 1113 1320 1210 tragicus
1338 1114 1458 1185 canit:

615 1266 762 1348 Nescitis,
780 1263 889 1356 cupidi
905 1265 1037 1347 arcium,

614 1375 762 1465 Regnum
777 1395 842 1460 quo
854 1372 960 1458 jaceat
974 1369 1062 1437 loco.

615 1483 737 1572 Regem
751 1503 819 1544 non
835 1480 958 1546 faciunt
972 1501 1071 1570 opes,

615 1588 691 1654 Non
704 1588 799 1654 vestis
814 1588 905 1677 tyriae
921 1586 1023 1670 color,

615 1695 691 1764 Non
707 1693 820 1760 frontis
835 1711 914 1760 nota
923 1695 1032 1785 regiae,

614 1803 690 1870 Non
704 1825 786 1868 auro
802 1801 914 1868 nitida
930 1801 1050 1868 trabes.

617 1910 684 1976 Rex
698 1910 816 1998 estqui
831 1908 939 1999 posuit
953 1923 1057 1974 menn

615 2015 658 2082 Et
672 2014 734 2081 diri
750 2014 834 2082 mala
850 2016 1001 2106 pectoris,

617 2122 724 2208 Quem
739 2145 806 2190 non
823 2123 956 2188 ambitio
972 2123 1133 2214 impotens

616 2231 658 2296 Et
673 2252 839 2319 nunquam
855 2229 976 2296 stabilis
992 2229 1083 2296 favor

614 2338 710 2431 Vulgi
725 2340 896 2432 praecipitis
909 2357 1028 2407 movet.

395 2487 438 2556 Et
453 2495 579 2558 cetera
590 2510 671 2583 quae
686 2486 723 2558 in
741 2485 901 2558 carmine
916 2482 1067 2582 pulchre
1083 2482 1336 2558 subtexuntur.
1373 2541 1375 2544 .

443 2601 526 2672 Haec
541 2625 608 2699 pro
622 2615 723 2674 tanto
737 2598 906 2702 disimus,
921 2613 961 2672 ut
972 2617 1133 2672 errorem
1146 2614 1253 2697 atque
1271 2599 1457 2676 stultitiam

396 2714 666 2790 ostenderemus
680 2714 957 2790 ambitiosorum
973 2715 1050 2813 qui,
1067 2713 1231 2814 neglecto
1245 2713 1371 2789 ordine
1383 2714 1460 2812 jus·

396 2824 572 2921 titiae‚‘ex
599 2829 752 2903 aliorum
776 2828 908 2928 opibus
933 2828 1101 2902 ethonis
1128 2854 1193 2904 sua
1216 2831 1370 2930 imperia
1396 2827 1460 2906 ad·

396 2945 1064 3045 augereetdilaureqnaerunt‚qualem
1075 2960 1161 3021 tunc
1174 2946 1459 3047 etpostmodum

394 3064 503 3166 etiam
522 3061 587 3162 [se]
608 3061 795 3154 habuisse,
820 3087 864 3136 ex
882 3061 1000 3134 verbis
1022 3063 1096 3136 suis
1114 3088 1193 3161 quae
1212 3065 1457 3158 recitavimus,

394 3191 503 3278 atque
516 3203 559 3254 ex
573 3176 672 3254 factis
684 3179 771 3272 suis,
788 3177 887 3252 hunc
900 3175 1140 3270 Ludovicum,
1158 3179 1261 3278 cujus
1273 3205 1330 3259 res
1346 3195 1460 3278 gestet

396 3295 659 3393 prosequimur,
676 3294 815 3393 liquido
832 3308 983 3368 constat.
1004 3295 1112 3384 Quod
1129 3310 1166 3369 et
1180 3297 1218 3372 io
1235 3321 1460 3396 consequen-

397 3409 492 3486 tibus
508 3411 730 3488 manifestius
746 3409 945 3510 apparebit.
1046 3481 1048 3488 .

710 3701 965 3775 CAPITULUM
989 3704 1145 3775 xxvlss.

458 3876 603 3950 Quomodo
618 3877 742 3946 cndu,
754 3877 928 3952 interregis,
940 3896 955 3930 e
966 3877 1079 3938 Pictoris
1089 3879 1180 3936 voleus
1190 3879 1219 3934 in
1233 3879 1396 3936 Britanniam

823 3956 954 4013 adductus
965 3959 1026 4016 fuir.

444 4121 683 4226 Prius[quam]
701 4135 821 4198 umen
844 4123 1042 4222 quidquam
1064 4125 1170 4198 armis
1184 4125 1331 4223 aggredi
1354 4126 1460 4200 vellet

394 4267 470 4340 rex,
485 4243 562 4344 ipse
575 4241 705 4314 iterum
719 4237 842 4312 volens
850 4237 982 4313 ducem
992 4240 1180 4315 Britanniae
1192 4241 1459 4316 commonitum
