3322 5172
603 613 903 686 mnenomums.
1224 615 1279 672 ιιι

225 767 338 839 usque
355 744 693 836 Pontis-t-Mosson,
712 770 821 844 supra
835 744 1035 836 Mosellam,
1054 744 1284 842 penetravit¹.·

225 864 340 932 Locus
354 859 449 930 enim
461 861 506 930 ad
522 861 639 958 ipsum
652 877 809 932 veterem
824 860 942 932 adhuc
956 874 1150 956 utcumque
1162 860 1283 933 amici·

225 977 310 1048 tiam
328 975 517 1046 retinebat.

273 1097 384 1163 Porro
408 1117 490 1162 cum
519 1091 589 1162 illic
614 1092 686 1164 dux
715 1091 964 1188 Lotbaringiae¹
986 1089 1110 1189 paucis
1137 1107 1284 1188 perante

225 1207 371 1280 sedisset
386 1209 541 1295 diebus⁸,
553 1209 687 1280 veritus
697 1235 734 1280 sc
746 1211 920 1309 imparem
935 1232 1010 1280 esse
1024 1222 1110 1279 tunc
1126 1211 1284 1304 Burgun-

225 1321 375 1394 dionum
391 1324 543 1412 viribus,
568 1323 653 1395 inde
673 1323 905 1412 abscesserat,
926 1339 960 1395 et
978 1339 1050 1396 tam
1067 1346 1164 1411 sero,
1185 1323 1284 1418 quod

224 1463 324 1536 paene
341 1439 437 1512 suita
451 1439 764 1534 Burgundionibus
779 1441 1008 1537 interceptus.
1027 1439 1134 1534 lgitur
1147 1463 1231 1510 cum
1247 1463 1285 1510 se

224 1569 417 1654 reputaret,
436 1559 512 1628 sine
528 1555 720 1650 majoribus
736 1556 862 1654 copiis,
882 1555 966 1625 duci
982 1555 1194 1652 Burgundiae
1210 1579 1284 1627 non

225 1695 329 1768 posse
347 1695 547 1761 occurrere,
565 1695 632 1741 nec
646 1670 782 1770 oppido
800 1675 980 1767 Nanceyo,
997 1671 1097 1767 quod
1111 1672 1184 1741 dux
1200 1677 1286 1742 Bur-

225 1787 451 1881 gundionum
469 1785 658 1858 obsidione
672 1788 847 1876 cinxerat,
862 1786 1066 1876 subvenire,
1087 1787 1210 1858 relicto
1222 1809 1285 1858 va·

225 1899 313 1987 lido,
332 1901 432 1996 quod
445 1901 534 1974 inibi
547 1902 752 1995 collocarat,
770 1901 923 1974 militum
939 1901 1115 2000 prasidio,
1132 1902 1287 1999 perrexit

226 2019 262 2089 in
288 2021 535 2110 Germaniam,
559 2034 599 2090 ut
620 2045 662 2091 ex
683 2019 906 2092 Suitensibus
928 2032 1034 2116 atquc
1058 2017 1134 2090 aliis
1156 2015 1225 2088 sibi
1248 2018 1286 2088 in

226 2137 417 2208 Germania
437 2135 615 2210 foederatis
640 2136 770 2209 auxilia
785 2134 1030 2228 contraheret,
1050 2158 1133 2207 cum
1156 2131 1287 2231 quibus

226 2253 522 2348 Burgundionum
542 2252 671 2325 ducem
689 2251 879 2326 obsidione
899 2249 1078 2351 depellere
1099 2265 1206 2347 atque
1225 2248 1289 2321 ob·

227 2369 329 2439 sessis
346 2368 470 2440 solatia
486 2383 652 2466 praestare
669 2382 803 2468 posset.

277 2486 397 2556 Posuit
413 2486 532 2582 itaque
545 2486 618 2557 dux
631 2483 926 2581 Burgundionum
941 2498 1067 2556 contra
1082 2487 1287 2577 Nanceyum

227 2612 362 2688 castra,
398 2600 493 2671 circa
531 2600 660 2672 festum
695 2600 870 2672 Omnium
905 2601 1155 2684 Sanctorum,
1190 2621 1287 2667 anno

227 2714 372 2784 Domini
404 2739 693 2809 u.cccc.nxxv1.,
724 2739 807 2786 cum
837 2713 1000 2784 nondum
1029 2737 1130 2814 paene
1158 2712 1289 2787 mensis

229 2831 437 2920 transiisset,
456 2831 572 2928 quod,
592 2833 663 2904 suis
681 2829 995 2926 Burgundionibus
1011 2828 1083 2899 illic
1099 2826 1288 2899 obsidione

229 2947 440 3036 constrictis,
454 2948 571 3045 ipsum
582 2945 757 3045 oppidum
770 2945 843 3017 dux
855 2944 1091 3040 Lotharingiae
1103 2942 1147 3015 ad
1161 2943 1288 3016 facien·

228 3060 313 3132 dam
330 3063 550 3138 deditionem
569 3065 759 3160 coegeratl.

277 3182 410 3250 Vemm
430 3181 477 3271 is,
500 3205 609 3276 quem
626 3179 723 3252 idem
739 3177 811 3251 dux
831 3176 878 3250 ad
895 3176 1041 3250 tutelam
1058 3191 1093 3248 et
1108 3175 1288 3248 defensio-

228 3315 316 3368 nem,
331 3296 455 3392 oppidi
476 3297 708 3394 praefecerat⁸,
729 3296 891 3368 similiter
911 3310 947 3369 et
966 3296 1060 3367 cives
1081 3318 1122 3368 ac
1139 3293 1285 3387 milites,

268 3547 297 3600 l.
323 3543 361 3600 to
375 3537 493 3600 octobre
508 3545 597 3601 ltro.

269 3637 298 3692 ἓ.
321 3634 494 3710 Burgundios
506 3629 578 3691 dans
592 3633 620 3691 le
633 3652 688 3692 ms.

271 3727 298 3785 3.
322 3729 363 3784 Le
377 3723 434 3782 duc
448 3722 488 3809 ⁴dc
505 3723 643 3782 Lorraine
659 3743 696 3782 ne
712 3735 787 3781 resta
801 3726 891 3799 qu'un
902 3723 972 3797 jour
985 3727 1000 3781 a
1016 3727 1288 3798 Pont-a-Mousson,

228 3812 339 3873 battant
358 3834 394 3871 en
413 3813 531 3872 retraite
547 3811 651 3872 devant
668 3814 696 3872 le
716 3812 773 3870 duc
792 3812 828 3870 de
848 3815 1021 3892 Bourgogne
1041 3813 1092 3891 qui
1110 3812 1138 3870 le
1152 3811 1288 3890 poursui-

228 3903 338 3962 vait-de
352 3903 500 3980 tres-pres.
517 3903 653 3977 Molinet,
668 3914 690 3958 t.
708 3907 737 3977 1,
752 3921 776 3962 c.
797 3921 903 3962 xxxin.

268 3997 298 4052 t.
321 3996 360 4052 Ce
375 3993 417 4050 lut
431 3991 644 4050 ellectirement
656 3990 713 4052 ch
727 3989 897 4050 novembre.

270 4087 298 4140 5.
323 4086 422 4158 Nancy
436 4081 528 4139 s’ctait
541 4079 634 4139 rendu
646 4101 683 4140 au
698 4080 753 4138 duc
770 4081 806 4138 de
818 4079 957 4139 lorraine
971 4080 999 4140 le
1014 4082 1031 4136 6
1045 4077 1173 4138 octobre.

271 4171 299 4228 6.
323 4174 501 4228 Lesauteurs
512 4167 1289 4250 lorrainsappellentcecapitaineMenarrltDaguerre3

230 4282 282 4322 son
299 4264 362 4323 vrai
377 4284 445 4323 nom
464 4264 532 4324 etait
545 4265 660 4324 lttanuel
674 4263 711 4324 de
725 4268 827 4326 uarro.
848 4265 950 4326 C’c'tait
964 4285 1004 4324 un
1023 4261 1229 4342 gentilhomme
1252 4261 1289 4320 de

230 4352 258 4410 la
270 4353 398 4412 Biscave.
