3384 5184
602 521 712 578 usntt
732 519 935 580 SECUNDUS.
1242 526 1295 582 ill

242 637 419 726 diensium
445 665 594 724 conatus
620 649 838 723 retunderet.
865 651 935 738 Qui
964 651 1144 751 prolecto,
1170 653 1298 726 sinon

241 784 316 843 tam
327 764 464 843 mature
481 770 715 861 discessisset,
730 772 973 871 potuissetque
988 773 1178 846 dominum
1194 776 1300 844 Caro·

240 886 316 960 lum
342 885 380 958 in
404 890 681 978 Normanniam,
706 888 774 960 sibi
802 888 1016 984 assignatam
1043 905 1078 986 et
1107 889 1296 981 traditam,

240 1003 411 1089 sociasse,
433 1003 667 1076 verisimiliter
690 1029 773 1076 eum
798 1004 845 1075 de
868 1004 995 1078 eadem
1016 1005 1146 1106 pellere
1172 1029 1298 1080 ausum

239 1143 299 1191 res
325 1119 473 1190 minime
494 1119 703 1218 accepisset,
725 1120 1034 1218 quemadmodum
1058 1123 1176 1194 statim
1203 1134 1299 1221 post-

238 1258 347 1333 quam
366 1251 484 1333 terga,
507 1236 554 1310 ad
578 1260 643 1310 sua
664 1237 821 1326 rediens,
850 1238 948 1312 idem
972 1265 1094 1313 comes
1119 1253 1293 1330 verterat,

238 1352 315 1449 ipse
330 1352 459 1447 ellecit,
476 1367 516 1425 ut
531 1355 649 1426 statim
663 1357 773 1453 paulo
787 1356 892 1429 latius
907 1357 1113 1430 reseremus.

606 1705 861 1776 CAPITULUM
885 1708 929 1776 X.

237 1902 382 1972 Quomodo
394 1900 450 1956 dux
462 1904 587 1970 Carolus,
600 1919 707 1977 accepta
718 1926 734 1960 a
747 1925 808 1977 rege
818 1906 999 1973 Normannia,
1012 1907 1046 1958 ab
1061 1906 1180 1978 ingressu
1191 1907 1297 1961 lintho-

273 1987 343 2055 magi
357 1983 408 2037 fuit
422 1982 471 2036 diu
482 1983 623 2038 Britonum
639 1984 762 2040 detentus
781 1987 912 2052 lactione3
930 1998 956 2040 et
970 1986 1083 2057 qualiter
1095 1987 1123 2038 in
1136 1988 1298 2041 monasterio

269 2064 355 2118 Beate
365 2064 542 2119 Carthasim
555 2065 671 2122 statibus
681 2066 826 2138 provincie
838 2066 955 2122 visitatus
967 2079 995 2120 et
1007 2067 1158 2121 consolatus
1169 2067 1228 2124 tuit.

285 2241 393 2338 igitur
409 2241 563 2340 acceptis
580 2240 744 2340 praelatus
762 2241 931 2313 dominus
949 2241 1097 2314 Carolus
1119 2257 1155 2314 et
1176 2242 1296 2316 debite

127 2403 129 2408 .
235 2357 408 2456 expeditis
441 2356 566 2429 litteris
605 2358 676 2429 suis
712 2357 757 2429 de
785 2358 1022 2454 assignatione
1048 2360 1292 2448 Normanniae,

235 2473 339 2570 regiis
368 2496 516 2571 quoque
546 2471 725 2545 mandatis
758 2487 794 2544 et
825 2473 1093 2565 commissaliis,
1120 2476 1183 2574 qui
1212 2502 1297 2576 pos·

235 2589 428 2661 sessionem
459 2587 680 2687 oppidorum
707 2602 744 2660 et
771 2603 988 2680 castrorum,
1020 2615 1100 2688 qnae
1132 2592 1297 2666 nondum

162 2773 167 2786 ,
234 2719 436 2804 receperat,
463 2703 717 2777 contraderent
726 2708 748 2794 ¹,
768 2704 962 2776 comitante
980 2705 1098 2804 ipsum
1115 2705 1206 2779 duce
1222 2707 1297 2779 Bri-

234 2822 383 2913 tanniae,
402 2848 487 2895 cum
502 2821 640 2919 magnis
660 2846 809 2893 suorum
827 2823 1013 2894 Britonum
1030 2824 1160 2922 copiis,
1179 2839 1215 2897 et
1230 2849 1296 2897 co-

234 2941 319 3013 mite
346 2940 524 3034 Dunensi,
553 2953 590 3012 et
613 2937 763 3011 domino
789 2937 835 3010 de
857 2939 961 3011 Bneil
967 2944 994 3030 ¹,
1022 2954 1058 3011 et
1084 2938 1234 3013 domino
1251 2941 1297 3016 de

236 3055 435 3129 Chaasmont
449 3059 477 3148 ⁸,
507 3082 590 3129 cum
626 3054 899 3155 quampluribus
929 3054 1111 3128 nobilibus
1145 3055 1297 3130 ducatus

237 3175 461 3246 Bituriceusis
487 3187 523 3245 et
551 3173 628 3245 aliis
653 3173 837 3244 variorum
866 3185 1042 3265 statuum,
1072 3173 1153 3269 qui,
1187 3174 1297 3246 solius

235 3290 361 3389 praedae
376 3304 412 3364 et
428 3290 627 3391 spoliorum
647 3291 875 3361 Normanniae
893 3291 1024 3391 gratia,
1046 3292 1164 3391 ipsum
1178 3317 1293 3364 assec-

235 3409 302 3479 tari
327 3406 555 3500 videbantur,
576 3404 841 3503 Rothomagum
859 3429 980 3477 versus
996 3407 1062 3478 iter
1080 3406 1221 3479 direxit.
1243 3407 1297 3480 td

235 3549 344 3624 quam
370 3521 495 3595 urbem
519 3521 742 3593 confluentes
758 3547 798 3593 ex
815 3521 962 3593 diversis
978 3523 1088 3594 totins
1105 3524 1297 3622 provinciae

235 3639 398 3739 partibus
432 3637 567 3739 praelati
596 3650 630 3707 et
652 3633 813 3726 nobiles,
841 3637 918 3733 ejus
945 3635 1016 3709 illic
1041 3640 1297 3737 operiebantur

235 3754 443 3827 adventum.
466 3758 528 3842 Et,
544 3777 590 3825 ue
608 3767 750 3852 tempus
762 3753 876 3823 otiose
893 3765 928 3823 et
943 3753 1113 3826 inutiliter
1126 3769 1293 3849 tererent,
1340 3749 1349 3768 “

236 3869 273 3941 in
298 3865 411 3941 domo
437 3868 645 3942 consulatus
669 3866 829 3965 ejusdem
848 3866 963 3959 urbis,
982 3868 1184 3967 frequentes
1203 3873 1297 3943 inter

277 4095 306 4149 l.
332 4091 548 4160 Contenderent,
565 4087 638 4148 dans
651 4087 679 4145 le
694 4106 747 4144 ms.

277 4182 306 4242 Ξ.
331 4182 404 4239 Jean
420 4178 457 4237 dc
471 4177 566 4251 Beuil,
580 4189 674 4236 comte
686 4174 723 4235 de
736 4179 885 4237 Sancerre.

277 4274 305 4330 3.
329 4269 428 4330 Pierre
442 4265 621 4340 d’Arnboise,
636 4265 772 4344 seigneur
786 4263 822 4324 de
836 4265 1160 4326 Chaumoutsur·Loirs
