3282 5168
594 513 703 572 ntum
723 514 905 586 Qntttvtts.

558 839 812 912 ctPtTtJtttttt
838 843 928 913 Vlll.

216 1045 362 1116 Quomodo
377 1057 439 1119 post
450 1046 629 1118 conquisitum
643 1047 759 1102 Geldrio
772 1049 827 1104 dux
842 1051 1023 1124 Burgundio'
1016 1066 1200 1127 imperatorem
1216 1055 1281 1108 Tre·

252 1127 334 1184 varim
346 1125 488 1181 adventare
499 1127 559 1180 fecit
561 1125 720 1200 ‚adspirans
731 1129 765 1184 od
780 1131 866 1202 regale
877 1133 1021 1208 fastigium,
1032 1147 1058 1188 ot
1069 1135 1120 1190 ub
1112 1153 1170 1207 ipso
1182 1133 1216 1188 de
1227 1132 1280 1187 du-

252 1219 312 1264 ortu
323 1206 439 1264 Geldrio
449 1208 612 1262 solemnem
604 1210 783 1267 investituram
794 1225 925 1286 accepit
905 1212 912 1243 ¹

265 1401 476 1503 Adspirabnt
492 1401 639 1500 quidem
658 1415 762 1496 tunc,
790 1403 898 1476 rebus
923 1404 1036 1484 elatus
1060 1407 1225 1482 secundis
1246 1424 1282 1483 et

219 1518 286 1592 sibi
304 1519 386 1592 satis
403 1519 584 1592 arridente
602 1519 760 1608 fortuna,
782 1519 829 1591 ad
847 1519 1014 1594 diadema
1029 1524 1146 1620 regale
1162 1523 1282 1599 hono·

218 1659 367 1734 remque
393 1660 435 1708 ac
457 1634 601 1706 titulum
620 1634 758 1729 regium
775 1635 1034 1732 acquirendum
1057 1667 1066 1710 ι
1089 1663 1162 1736 quo
1179 1641 1281 1715 titulo

219 1749 306 1824 olim
323 1774 488 1847 regnasse
505 1749 625 1848 plures
648 1748 945 1846 Burgundionum
962 1752 1158 1851 principes,
1175 1757 1281 1829 etiam

219 1879 418 1965 atempore
442 1887 515 1961 quo
534 1889 635 1961 reges
656 1869 876 1935 Francorum
894 1889 969 1936 esse
989 1882 1195 1965 coeperunt,
1215 1872 1281 1942 mi·

219 1985 316 2056 nime
330 1983 480 2056 dubium
498 1998 549 2054 est
560 1986 583 2054 ¹.
607 1980 659 2052 Ad
676 1977 884 2078 hujusmodi
900 1995 1020 2053 autem
1040 1981 1206 2081 cupiebat
1221 2008 1281 2055 sn·

218 2099 361 2175 blimari
391 2100 570 2196 dignitatis
597 2098 775 2196 fastigium
802 2099 1012 2170 auctoritate
1037 2102 1281 2172 Romanorum

219 2219 458 2316 imperatoris,
478 2218 540 2314 qni
557 2230 642 2288 tunc
665 2232 742 2289 erat
756 2217 996 2308 'Fridericns⁸‚
1014 2216 1088 2289 dux
1114 2219 1279 2314 Austriae,

218 2349 325 2433 atque
351 2336 542 2466 imperinm
565 2359 632 2432 per
658 2358 773 2407 annos
801 2334 976 2432 plurimos
1003 2335 1279 2414 administrarat.

219 2451 327 2548 Cujus
340 2475 395 2522 sur
384 2449 578 2556 desiderii
600 2465 635 2521 et
655 2449 839 2547 concupiti
854 2448 1004 2521 honoris
1020 2451 1187 2549 potiundi
1203 2474 1282 2546 gra·

219 2567 285 2661 tia,
305 2543 507 2640 eumdem'
498 2579 753 2664 imperatorem
770 2564 963 2638 adventare
982 2568 1029 2640 ad
1050 2568 1178 2641 urbem
1198 2572 1281 2642 Tre·
1341 2593 1345 2608 ·

219 2707 389 2756 verorum
403 2707 479 2754 non
491 2706 603 2781 parvo
619 2695 762 2780 sumptu
777 2681 995 2778 procuravit.

269 2800 321 2873 Ad
340 2823 450 2895 quam
463 2823 548 2870 cum
569 2797 794 2870 adventasset
809 2821 893 2868 cum
916 2798 1000 2869 satis
1017 2797 1146 2870 humili
1167 2813 1280 2892 statu,

219 2942 286 3017 pro
303 2931 407 2988 tanto
424 2915 563 3010 fastigio
586 2912 787 3010 dignitatis,
807 2912 967 3012 sepundo
983 2928 1067 3013 post
1091 2930 1153 2986 aut
1176 2916 1281 2988 tertio

219 3035 277 3108 die
293 3034 425 3133 pariter
441 3025 626 3105 etiamillo
642 3029 846 3102 adventavit
860 3029 1154 3125 Burgundionum
1173 3031 1246 3104 dux
1257 3034 1280 3128 ⁶,

219 3177 304 3240 cum
318 3164 419 3222 tanto
437 3163 558 3221 ettam
576 3145 690 3220 nobili
707 3147 899 3238 comitatu,
918 3161 952 3218 et
967 3172 1051 3219 cnm
1066 3164 1165 3222 tanta
1183 3151 1285 3222 vesti·

218 3284 443 3357 mentorum,
469 3257 654 3340 armorum
678 3280 717 3337 et
738 3279 1034 3338 ornamentorum
1050 3292 1203 3366 pompa,
1223 3282 1280 3364 ut,

219 3385 347 3487 procul
372 3383 502 3473 dubio,
531 3383 568 3454 in
606 3396 701 3454 statu
729 3397 764 3453 et
794 3398 968 3480 apparatu
997 3409 1064 3456 sno
1095 3385 1284 3483 augustalis

218 3505 339 3606 potins
368 3500 532 3598 majestas
563 3513 599 3571 et
627 3497 891 3596 magnificentia
913 3499 1057 3573 illucere
1087 3525 1129 3574 ac
1159 3527 1284 3604 super-

261 3743 288 3797 l.
311 3731 446 3813 Chapitre
459 3731 594 3812 imprime
606 3730 677 3790 dans
687 3730 894 3806 l'Amplr'ssr'ma
903 3736 1039 3805 collectio,
1052 3747 1072 3792 t.
1087 3739 1137 3812 tv,
1147 3737 1203 3795 col.
1212 3741 1280 3798 tot.

259 3830 288 3884 ι.
311 3829 352 3883 Le
366 3841 505 3900 royaume
520 3820 556 3878 de
570 3825 759 3900 Bourgogne‚
776 3819 922 3898 plusieurs
937 3821 990 3879 tois
1007 3821 1097 3883 defait
1111 3836 1139 3883 et
1154 3826 1249 3900 resait,
1265 3823 1282 3888 'a

218 3914 291 3974 dure
304 3913 408 3992 depuis
422 3911 598 3988 l’empereur
612 3907 758 3968 Honorius
771 3906 908 3987 jusqn’en
923 3912 1012 3971 ¹032.

259 4007 288 4063 3.
311 4001 447 4062 Frederic
464 4001 513 4060 tv.

258 4099 287 4156 l.
312 4099 500 4172 L’empereur
518 4089 616 4148 arriva
629 4093 645 4147 t
657 4089 766 4148 Treves
788 4088 816 4148 le
831 4090 870 4147 29
884 4089 1047 4168 septembre
1062 4092 1151 4151 ttta.
1166 4095 1207 4153 Le
1225 4095 1281 4156 duc

218 4182 282 4243 rint
301 4182 428 4263 prendre
444 4179 518 4258 logis
540 4178 568 4236 le
590 4180 632 4235 l·²
655 4175 806 4237 octobrelt
830 4175 963 4256 labbaye
983 4178 1021 4238 du
1039 4179 1283 4245 saint-llaximin

217 4271 286 4332 horo
302 4271 339 4333 de
353 4272 381 4330 la
395 4269 477 4342 ville,
494 4267 567 4326 ainsi
581 4286 638 4345 que
652 4267 778 4326 l’auteur
791 4267 818 4326 le
832 4265 874 4340 dit¹
890 4267 955 4348 plus
967 4267 1039 4330 loin.

376 4397 404 4436 ιι
809 4397 813 4402 ·
1083 4379 1117 4435 il
