3402 5186
646 493 756 552 staua
778 493 928 552 PRIMUS.
1290 496 1329 554 25

269 639 306 698 et
329 623 494 725 nondum
516 623 694 698 obductas
713 623 893 697 cicatrices
913 623 1043 698 talibus
1059 626 1188 698 iterum
1203 627 1330 700 vulne-

269 739 368 812 ribus
382 739 622 814 sauciabatur.
641 739 712 812 Sed
728 764 795 812 nec
816 763 856 812 ea
874 739 1020 838 quidem
1038 765 1164 814 recens
1185 741 1330 816 inventa

269 881 502 929 nummorum
520 856 728 954 aucupatio,
755 857 976 956 praecipuum
993 855 1125 928 vulnus
1142 873 1218 932 crat
1230 859 1330 958 quod

171 1035 174 1042 .
267 997 379 1073 regno
407 989 514 1073 atque
541 973 729 1072 regnicolis
756 973 953 1046 afferretur.
990 977 1074 1044 Erat
1105 975 1203 1047 enim
1233 976 1331 1050 aliud

268 1092 374 1188 longe
390 1089 638 1191 perniciosius,
659 1089 772 1188 quod,
790 1088 1009 1186 frequentius
1026 1090 1155 1166 amotis
1172 1089 1331 1164 honestis

268 1221 375 1305 atque
392 1207 535 1280 idoneis
548 1205 726 1307 personis,
751 1230 830 1303 quae
843 1219 992 1305 perante
1009 1205 1046 1276 in
1072 1204 1198 1278 officiis
1225 1208 1330 1278 mini·

267 1337 449 1412 strassent,
474 1322 530 1394 rel
549 1347 645 1420 quae,
667 1319 899 1394 suffarcinatae
919 1344 1008 1393 auro
1028 1335 1136 1418 atque
1163 1335 1329 1418 argent0,

267 1438 394 1511 loculis
409 1453 517 1537 atque
534 1438 723 1538 marsupiis
736 1436 891 1536 repletis,
908 1436 1052 1509 aculeos
1070 1437 1190 1510 minus
1206 1441 1333 1538 pungi·

269 1554 361 1628 tivos
385 1554 645 1652 mordacesque
666 1553 866 1654 praedarum
883 1551 958 1648 jam
980 1551 1172 1643 haberent,
1196 1554 1241 1626 ad
1263 1554 1331 1629 hu·

264 1670 467 1767 juscemodi
484 1669 810 1744 administrationes
824 1682 930 1766 atque
948 1666 1067 1742 officia
1081 1669 1332 1767 indignissimae

268 1809 310 1858 ao
341 1786 518 1858 vilissimae
544 1784 757 1886 plerumque
781 1784 1055 1858 assumebantur
1079 1809 1264 1884 personae,
1297 1802 1334 1860 et

268 1915 431 1998 quaetam
443 1899 623 1973 famelicas
639 1899 869 1997 sitientesque
884 1899 1085 1999 praedarum
1097 1925 1174 1972 sese
1185 1900 1332 1974 exhibe·

268 2029 369 2109 rent,
388 2030 520 2088 utnon
545 2016 641 2090 aliud
665 2017 720 2114 agi
738 2041 847 2115 quam
872 2041 1049 2116 pauperes
1065 2016 1262 2116 regnicolas
1276 2018 1332 2091 lu·
1370 2053 1379 2068 ·

268 2156 400 2230 porum
421 2146 483 2205 aut
505 2135 776 2206 saevissimarum
796 2132 950 2206 serarum
972 2134 1159 2206 voracitati
1183 2135 1330 2234 erponi,

268 2251 385 2348 putari
402 2250 587 2349 potuisset.
1367 2325 1369 2330 .

318 2363 525 2436 Delectabat
538 2389 659 2462 regem
671 2364 750 2436 illos
765 2362 892 2435 ordine
903 2362 1176 2463 honoribusque
1188 2390 1334 2439 movere

269 2504 311 2552 ac
331 2480 545 2571 destituere,
570 2481 632 2578 qui
658 2479 743 2577 ipsis
769 2477 836 2550 sub
861 2492 964 2577 patre
987 2505 1053 2552 suo
1080 2479 1173 2552 bene
1199 2480 1333 2553 eisdem

270 2596 383 2670 functi
402 2596 560 2683 fuissent,
580 2597 685 2695 eique
701 2595 774 2669 cari
784 2581 1011 2668 exstitissent.
1028 2596 1134 2668 Unde
1147 2598 1265 2670 statim
1281 2597 1333 2668 vi·

270 2737 351 2784 rum
368 2711 608 2784 venerabilem
626 2711 817 2783 dominum
829 2709 1066 2782 uuillelmum
1080 2710 1272 2804 luvenalis,
1287 2710 1333 2784 de

272 2827 412 2900 Parisiis
430 2827 648 2918 oriundum,
666 2827 729 2925 qui
746 2825 815 2900 sub
835 2840 936 2926 patre
955 2850 1021 2898 suo
1038 2827 1138 2922 regni
1155 2824 1334 2899 cancella-

271 2943 359 3018 riam
389 2942 649 3017 honorabiliter
674 2945 778 3018 annis
809 2942 921 3015 ferme
946 2933 1069 3040 uiginti
1095 2941 1151 3014 vel
1179 2944 1335 3042 amplius

270 3073 419 3152 rexerat,
440 3074 476 3131 et
492 3059 652 3132 similiter
674 3062 832 3160 primum
857 3060 963 3132 curiae
981 3059 1193 3132 Parlamenti
1216 3060 1334 3158 praesi·

270 3175 435 3270 dentem,
468 3177 638 3266 mutavit,
668 3177 745 3250 aliis
772 3177 808 3248 in
837 3201 965 3249 eorum
989 3175 1110 3248 locum
1139 3175 1332 3250 suffectis&

270 3295 448 3390 Cumque,
467 3292 534 3365 sibi
553 3291 754 3384 suadendo,
769 3292 951 3365 interdum
970 3317 991 3364 a
1008 3292 1191 3366 nonnullis
1204 3293 1240 3366 in
1259 3318 1335 3366 me·
1428 3389 1432 3396 ,

270 3409 422 3480 moriam
440 3423 668 3480 revocaretur
684 3407 837 3506 qhaliter
853 3422 958 3508 pater
973 3433 1059 3482 suus
1079 3409 1129 3480 sio
1141 3406 1196 3480 rel
1213 3409 1276 3502 sic,
1297 3411 1335 3482 in

242 3579 246 3588 .
269 3525 375 3598 variis
392 3526 545 3622 negotiis
563 3541 598 3597 et
613 3526 751 3614 causis,
771 3525 938 3596 consulto
958 3539 993 3597 et
1011 3525 1142 3598 utiliter
1159 3551 1196 3598 se
1213 3527 1335 3624 gessis-

269 3721 344 3791 lent,
361 3739 412 3780 sur
427 3721 519 3800 peine·
533 3717 570 3778 de
589 3717 695 3797 perdre
714 3717 794 3776 leurs
814 3717 929 3792 offices3
948 3729 977 3776 et
994 3715 1056 3776 s'ilz
1074 3717 1102 3778 le
1119 3719 1214 3778 celent
1227 3731 1257 3778 et
1269 3718 1290 3777 il
1304 3735 1335 3778 se

269 3808 366 3890 puisse
377 3808 491 3886 scavoir
502 3827 555 3887 par
566 3819 675 3881 autres,
688 3805 774 3866 ceulx
787 3825 838 3884 qur
850 3803 878 3864 le
893 3805 1057 3866 reviderent
1071 3819 1175 3865 anrout
1186 3807 1227 3866 lcs
1238 3805 1335 3867 oiiiees

269 3897 305 3957 de
317 3917 391 3958 ceux
405 3898 476 3976 qu’il
487 3909 593 3956 auront
604 3896 712 3956 revere.
729 3921 743 3948 s
755 3898 869 3953 liecuer'l
881 3897 1027 3974 legrnnd,
1039 3907 1060 3954 t.
1074 3899 1130 3970 IX,
1145 3915 1203 3955 aux
1214 3914 1283 3956 mss.
1298 3895 1336 3955 de

269 3985 297 4046 la
310 3987 384 4047 Bibl.
400 3988 472 4067 imp.

309 4081 338 4139 l.
363 4076 677 4138 GuillaumeJourenel
688 4076 739 4136 des
750 4077 865 4149 Ursins,
879 4075 1053 4153 chancelier,
1070 4079 1112 4138 sut
1124 4075 1270 4157 remplace
1284 4097 1337 4156 per

268 4166 367 4226 Pierre
384 4167 420 4226 de
442 4166 633 4244 Morvilliers,
654 4179 683 4226 et
700 4171 779 4226 Yves
792 4167 828 4226 de
842 4167 1009 4247 Scepeaux,
1028 4169 1155 4247 premier
1172 4164 1335 4247 president,

269 4276 322 4336 par
335 4255 398 4318 Elie
411 4255 449 4316 de
461 4259 621 4319 Tourettes.
