3322 5172
377 517 435 576 368
649 517 909 578 atstotuntttttt
927 517 1106 578 tunovlcl
1124 519 1169 578 xl

374 675 444 722 nus
460 651 558 764 regis¹
569 649 710 724 tradere
735 665 925 724 teneretur.
949 655 1147 749 Expaverat
1172 663 1293 723 autem
1317 673 1441 722 comes

373 758 450 856 ipse
477 758 653 850 nimium,
683 758 825 852 videns,
844 761 995 832 omnino
1021 784 1122 834 secus
1145 783 1187 832 ac
1213 771 1438 859 speraverat,

373 886 514 970 treugas
526 887 561 946 et
573 873 747 948 amicitias
760 874 1033 972 quodammodo
1047 877 1139 948 inter
1150 899 1251 972 reges
1265 875 1438 973 primum,

373 987 504 1064 deinde
520 993 626 1065 etiam
644 993 737 1064 inter
751 996 973 1064 Francorum
990 1015 1110 1088 regem
1127 1007 1163 1066 et
1180 991 1309 1064 ducem
1327 990 1443 1064 stede-

373 1120 490 1200 ratas,
509 1108 608 1182 unde
627 1108 780 1208 amplius
797 1107 931 1206 aliquid
943 1108 989 1180 de
1006 1109 1118 1204 gratia
1128 1108 1253 1199 ducis,
1270 1107 1443 1207 quamde

372 1225 485 1323 regis,
501 1225 677 1317 confisus,
697 1250 807 1322 quem
821 1225 943 1296 dirum
963 1240 1069 1320 atque
1085 1240 1224 1297 trucem
1243 1223 1344 1296 adse
1361 1224 1444 1296 ani·

372 1365 473 1413 mum
491 1366 612 1439 gerere
629 1366 705 1413 non
723 1340 921 1434 nesciebat,
941 1341 1073 1414 relictis
1090 1341 1246 1441 propriis
1267 1340 1440 1434 aedibus¹,

372 1481 461 1555 quas
485 1457 569 1530 licet
590 1458 871 1549 munitissimas,
895 1459 1034 1533 clausas
1055 1473 1091 1530 et
1116 1456 1263 1530 vallatas
1277 1455 1345 1555 [in]
1366 1457 1443 1529 do-

372 1573 485 1644 minio
507 1575 600 1672 regis
622 1589 798 1668 tenuerat,
820 1575 867 1646 ad
885 1574 1063 1673 oppidum
1084 1578 1273 1660 Montense
1290 1577 1441 1645 Hanno·

372 1689 458 1760 niae²
468 1715 565 1786 sese,
581 1691 737 1791 praesidii
752 1714 874 1784 causa,
890 1690 1112 1782 contulerat;
1132 1704 1168 1762 et
1181 1707 1247 1781 eu,
1267 1703 1441 1784 tanquam

245 1851 251 1859 ‹
371 1805 418 1878 ad
438 1831 547 1899 eum,
572 1832 682 1906 quem
700 1807 901 1880 sibi-rutum
919 1808 1129 1897 estimaret,
1148 1804 1293 1895 locum,
1312 1803 1404 1876 conf
1426 1844 1441 1860 ·

372 1937 482 2020 gerat.
1143 1997 1149 2004 .

422 2039 612 2130 Perficiens
637 2041 744 2136 igitur
755 2039 840 2111 ‹dux
866 2039 968 2137 quod
986 2039 1043 2111 vel
1058 2039 1151 2138 ipse,
1179 2037 1237 2110 vel
1261 2038 1315 2112 sui
1332 2036 1441 2134 legati

371 2155 417 2227 de
433 2181 476 2257 eo
493 2155 750 2262 promiserant,
767 2157 884 2255 ipsum
905 2158 1019 2229 teneri
1036 2157 1205 2228 comitem
1223 2153 1321 2228 etad
1337 2179 1440 2227 com·

372 2270 498 2344 missos
515 2296 580 2370 per
596 2294 716 2366 regem
735 2271 865 2343 deduci
885 2286 919 2344 et
934 2271 1078 2345 libcrari
1096 2271 1205 2343 secit⁸.
1226 2269 1334 2359 Quod
1351 2269 1440 2342 faci-

371 2387 439 2461 lius
465 2387 576 2461 abeo
605 2412 727 2484 regern
757 2387 955 2460 obtinuisse
980 2387 1174 2478 terebatur,
1206 2387 1440 2486 quodetiam

371 2503 464 2602 ipse,
476 2519 601 2576 contra
613 2517 832 2577 sacramenta
841 2518 876 2576 et
889 2505 1017 2603 saepius
1026 2505 1218 2604 ‘prestitam
1232 2501 1300 2576 sibi
1312 2501 1436 2593 fidem,

372 2619 484 2692 multa
505 2619 643 2719 perfide
668 2634 703 2692 et
731 2618 855 2692 dolose
880 2634 1007 2693 contra
1036 2645 1074 2692 se
1100 2619 1381 2721 praesumpsisset
1403 2635 1439 2693 et

371 2735 528 2829 fecisset,
548 2761 755 2835 quanquam
781 2736 827 2809 ab
840 2762 915 2827 -eo,
941 2753 981 2809 ut
1002 2738 1070 2810 sibi
1097 2739 1261 2829 serviret,
1280 2762 1357 2810 non
1376 2737 1439 2809 viii

371 2863 406 2921 et
421 2876 535 2950 parvo
550 2850 758 2926 aestimanda
775 2851 866 2951 stipe
885 2852 1079 2947 quotannis
1097 2850 1218 2938 fuisset
1233 2849 1437 2938 clanculum

370 2963 581 3040 honoratus.
622 3019 624 3024 ,

420 3085 490 3157 Sed
508 3100 561 3179 et,
581 3098 713 3181 utqsuo
731 3083 777 3156 de
793 3109 837 3157 co
863 3082 1042 3160 desiderio
1057 3109 1118 3156 rex
1134 3081 1334 3156 satisfacere
1353 3108 1438 3182 pos-

371 3215 442 3294 set,
461 3201 639 3275 concessit
662 3200 767 3298 pldra
789 3215 824 3272 et
842 3199 993 3296 grandia
1017 3199 1312 3294 Burgundionum
1329 3197 1434 3292 duci,

371 3316 417 3388 de
433 3342 507 3415 quo
517 3316 664 3417 plurimi
676 3313 843 3387 admirati
855 3315 1010 3391 suerunt.
1025 3315 1208 3388 Concessit
1221 3315 1356 3413 quippe
1372 3339 1439 3414 op-

371 3432 498 3531 pidum
524 3429 846 3522 Sancti-Quintini,
866 3431 1107 3505 viromandiae
1123 3445 1249 3530 caput,
1270 3455 1353 3502 curn
1376 3455 1438 3504 ca-

411 3662 441 3722 i.
463 3663 504 3720 le
519 3657 642 3718 chateau
656 3657 692 3719 de
706 3661 792 3720 Ham.

412 3753 441 3810 2.
464 3755 548 3810 Mons
563 3769 600 3808 eu
613 3749 750 3810 Hainaut.

412 3843 440 3900 3.
463 3839 590 3918 Puisque
603 3839 727 3900 l’auteur
743 3839 905 3919 s’appiique
917 3838 989 3899 dans
999 3859 1032 3899 ce
1044 3835 1177 3919 chapitre
1191 3841 1207 3897 a
1219 3836 1290 3898 faire
1303 3835 1440 3899 ressortir

369 3929 498 3991 l’odieux
515 3930 551 3990 de
567 3929 596 3992 la
608 3929 744 3989 conduite
764 3929 805 3989 du
818 3930 875 3990 duc
888 3930 924 3990 de
938 3925 1123 4011 Bourgogne,
1138 3949 1177 3988 on
1192 3948 1302 4009 pourra
1317 3942 1438 3990 trouver

370 4020 509 4103 singulier
528 4019 600 4099 qu’il
611 4039 654 4080 <ne
672 4019 753 4098 paule
771 4039 823 4099 pas
837 4019 877 4080 du
893 4019 1091 4080 saut-conduit
1104 4039 1154 4078 sur
1174 4017 1203 4077 la
1220 4017 1261 4077 soi
1276 4017 1386 4097 daquel
1408 4019 1437 4079 le

368 4125 463 4172 comte
476 4111 513 4170 de
526 4110 673 4172 saint-Pol
691 4111 853 4172 s’arcntura
871 4114 1011 4192 agagner
1027 4113 1120 4171 Mons.
1137 4109 1209 4173 Mais
1226 4109 1248 4168 il
1261 4128 1300 4168 ne
1317 4111 1437 4170 reserva

369 4209 443 4261 cette
457 4199 651 4260 circonstance
661 4219 717 4278 que
729 4220 804 4280 pour
816 4221 836 4278 y
850 4200 967 4262 revenir
979 4200 1044 4284 plus
1057 4199 1121 4262 tard
1129 4217 1201 4260 avec
1214 4217 1273 4258 une
1281 4197 1436 4260 insieme·

371 4301 449 4350 toute
463 4289 655 4370 particuliere.
669 4289 814 4370 (ti-apres,
825 4311 851 4350 c.
867 4311 908 4354 tr.
