3322 5172
650 587 949 664 numentanus.
1271 591 1325 648 ⁴21

274 717 461 792 fidendum
482 717 675 806 sentiebat,
699 741 811 791 manu
833 716 950 791 valida
970 718 1144 822 militum,
1169 720 1248 818 qui,
1267 695 1329 794 'in-

274 847 423 932 gruente
431 834 652 926 necessitate,
663 833 730 905 sibi
741 834 819 906 usui
830 833 988 926 luissent,
1002 835 1181 911 munitum
1192 861 1332 911 servare

274 977 316 1025 ac
330 966 463 1024 tenere.
480 949 600 1040 Quod,
615 950 742 1049 procul
754 950 880 1040 dubio,
897 952 1007 1024 instar
1020 954 1123 1048 regis,
1140 954 1222 1026 satis
1235 979 1332 1028 com·

274 1068 382 1158 mode
397 1083 434 1140 et
449 1092 533 1140 cum
548 1067 666 1166 parvis
682 1066 867 1166 stipendiis
883 1080 1023 1166 poterat
1038 1067 1196 1160 efficere,
1214 1093 1277 1143 eos
1294 1070 1332 1145 in

274 1185 345 1256 suis
362 1183 529 1256 domibus
541 1183 729 1256 retinendo
743 1199 776 1256 et
788 1184 915 1282 saepius
927 1208 991 1280 per
1004 1182 1139 1280 legatos
1151 1183 1274 1258 fideles
1286 1184 1332 1257 de

274 1300 325 1371 eis
350 1300 543 1372 revisiones
570 1314 605 1371 et
630 1301 887 1372 ostentationes
913 1297 990 1370 fieri
1018 1299 1195 1372 saciando.
1224 1299 1334 1373 Nobis

274 1416 371 1489 enim
394 1441 537 1514 semper
559 1402 743 1487 laudanda¹
767 1428 802 1486 et
826 1414 1074 1512 amplectenda
1100 1416 1176 1488 visa
1200 1430 1254 1486 est
1276 1415 1335 1486 illa

274 1532 484 1627 gravissima
499 1530 683 1602 Ciceronis
703 1529 896 1619 sententia,
923 1557 939 1596 e
963 1554 1127 1621 omnem,
1149 1529 1332 1625 videlicet,

274 1649 371 1743 pacis
387 1647 647 1736 conditionem,
666 1646 829 1745 quamvis
846 1646 1020 1748 iniquam,
1040 1647 1134 1720 civili
1150 1646 1247 1722 bello
1261 1672 1336 1722 esse

274 1762 578 1861 anteponendam.
597 1791 614 1831 n
635 1768 718 1837 Erat
738 1777 860 1835 autem
882 1763 978 1835 inter.
997 1787 1119 1861 regem
1138 1777 1175 1835 et
1197 1764 1333 1861 ipsum,

275 1904 349 1952 non
361 1879 474 1952 modo
487 1881 603 1972 civile,
621 1881 684 1954 sed
698 1905 908 1978 germanum
923 1880 1032 1954 etiam
1046 1894 1082 1952 et
1097 1879 1336 1952 domesticum

274 1993 427 2086 bellum,
454 1999 517 2094 qui
541 1995 649 2069 ambo
679 1997 725 2070 de
748 1996 878 2069 eodem
907 1997 1025 2098 stipite
1052 1994 1178 2094 regalis
1206 1994 1337 2068 domus

274 2115 494 2184 Francorum
507 2113 779 2188 descenderant.
796 2113 980 2186 Habuerat
993 2127 1113 2186 autem
1126 2126 1163 2185 et
1176 2112 1249 2185 dux
1261 2113 1338 2212 ipse

274 2228 432 2326 priorem
461 2254 651 2330 sponsam,
679 2255 841 2302 sororem
866 2230 959 2328 regis
984 2231 1237 2319 Francorum',
1260 2243 1337 2302 esto

275 2345 375 2444 quod
392 2347 656 2446 sponsaliorum
677 2361 840 2447 tempore
859 2345 1082 2437 decessisset,
1105 2345 1336 2418 matrimonio

274 2461 440 2536 nondum
455 2477 705 2536 consummato
714 2467 737 2534 ¹.

247 2593 250 2612 '
323 2580 463 2652 Scimus
482 2578 629 2676 quidem
649 2577 792 2666 difficile
815 2578 891 2650 fore
911 2578 1052 2650 animos
1070 2576 1262 2648 bominum
1282 2575 1337 2645 in-

276 2696 369 2767 flecti
391 2694 438 2768 ad
456 2691 711 2794 paciscendum
729 2708 837 2792 atque
858 2695 955 2793 pacis
979 2691 1113 2766 foedera
1136 2683 1337 2764 feriendum

275 2838 359 2884 eum
370 2812 444 2904 tali,
460 2812 522 2908 qui
534 2812 670 2883 nemini
683 2809 792 2884 fidem
806 2834 925 2907 neque
936 2823 1213 2900 sacramentum,
1227 2829 1340 2904 quan·

276 2930 405 3002 tumvis
426 2944 605 3002 sacratum
621 2952 685 3001 seu
701 2952 928 3026 quacumque
950 2927 1121 3026 religione
1142 2925 1335 3012 sancitum,
1432 2987 1439 3008 ,

277 3045 468 3118 observare
482 3069 524 3122 ac
544 3058 667 3118 tenere
681 3045 924 3138 consueverit,
948 3043 1075 3144 qualis,
1097 3041 1192 3143 proh
1212 3036 1334 3114 dolori

276 3162 587 3236 christianissimus
597 3163 817 3236 Francorum
828 3185 891 3234 rex
902 3160 1010 3259 hujus
1023 3159 1209 3258 temporis,
1224 3155 1340 3229 Ludo·

277 3275 393 3365 vicus,
420 3278 517 3376 apud
540 3303 666 3351 omnes
687 3301 788 3379 paeue
812 3276 997 3370 mortales,
1023 3275 1155 3375 quibus
1178 3274 1342 3371 cognitus

276 3404 369 3481 erat,
389 3391 555 3463 exsistere
572 3393 666 3464 sama
677 3390 867 3465 ferebatur.
883 3385 1023 3464 Scimus
1039 3392 1137 3464 enim
1150 3414 1171 3464 a
1183 3389 1342 3488 sapiente

277 3506 315 3578 in
331 3505 577 3578 Ecclesiastico
591 3522 809 3606 praeceptum
823 3507 1035 3594 salubriter:
1054 3536 1072 3578 t<
1088 3512 1168 3582 Non
1180 3505 1343 3580 confidas

277 3623 424 3696 inimico
440 3638 504 3696 tuo
520 3624 558 3694 in
575 3638 760 3696 aeternum.
784 3654 802 3692 n
827 3626 899 3698 Sed
917 3626 975 3697 his
998 3652 1074 3700 non
1099 3623 1341 3711 obstantibus,
1393 3689 1399 3698 .

278 3739 456 3812 credimus
471 3740 585 3811 multo
599 3739 706 3812 fuisse
717 3741 916 3841 consultius
928 3766 1010 3814 cum
1026 3744 1104 3844 ipso
1116 3767 1216 3839 rege,
1231 3763 1345 3838 quan·

279 3870 352 3928 tam
366 3853 501 3929 habere
517 3853 670 3929 solidam
686 3855 877 3955 potuisset,
898 3856 1027 3929 ducem
1044 3854 1345 3955 burgundionum

320 4079 349 4135 1.
372 4076 525 4138 catherine
541 4075 579 4137 de
595 4081 718 4154 France,
734 4077 880 4138 troisilme
892 4078 952 4138 fille
966 4077 1003 4138 de
1016 4076 1135 4138 charles
1149 4078 1214 4135 Vll.

319 4169 350 4225 2.
372 4166 536 4242 catherine,
547 4167 598 4244 qui
609 4169 688 4228 avait
696 4167 742 4227 ete
751 4167 860 4227 liancde
870 4187 907 4226 en
918 4169 1012 4239 1138,
1022 4177 1141 4224 mourut
1154 4167 1171 4222 a
1183 4162 1345 4238 Bruxelles,

280 4275 317 4314 en
339 4259 434 4330 1416,
454 4254 527 4314 dans
548 4275 580 4315 sa
604 4256 806 4318 dix-buitieme
827 4253 939 4330 eunde,
961 4255 1078 4334 lorsque
1103 4253 1222 4315 Cbarles
1238 4253 1348 4312 n’avait

280 4363 385 4404 encore
397 4363 455 4422 que
467 4344 554 4406 treize
565 4363 627 4404 ans.
