3322 5172
372 521 429 578 382
645 521 902 580 HistIARUM
922 520 1100 578 LUDOVICI
1126 519 1169 575 Xl

371 652 549 724 Montium
566 653 701 750 potitus
728 652 807 742 tuit,
833 651 942 726 rebus
965 665 1161 748 utcumque
1183 649 1256 722 illic
1280 673 1431 748 compo·

371 767 457 855 sitis,
478 783 513 839 et
534 767 687 843 hominii
704 783 739 840 et
756 767 933 840 fidelitatis
950 767 1180 846 sacramentis
1196 766 1243 838 ab
1260 767 1380 838 invitis
1397 778 1431 836 et

371 882 603 956 moerentibus
632 882 788 985 vassallis
817 882 948 956 exactis
973 895 1009 954 et
1024 881 1188 979 receptis,
1220 895 1338 954 totum
1354 879 1432 952 aui·

372 979 472 1070 rnum
488 998 534 1070 ad
561 1001 740 1072 Suiteuses
757 996 990 1070 debellandos
1018 1010 1053 1068 et
1070 995 1330 1096 opprimendos
1347 1020 1433 1067 con·

372 1115 487 1186 vertit.
515 1113 682 1188 Manebat
706 1114 802 1186 enirn
822 1111 891 1186 sibi
921 1145 937 1180 α
965 1111 1037 1186 alta
1055 1127 1174 1185 mente
1198 1125 1384 1210 repostum
1412 1141 1429 1176 r

371 1232 499 1327 injuria
523 1255 632 1329 quam
647 1229 716 1302 sibi
737 1244 815 1302 tum
839 1230 1020 1320 fecerant,
1039 1254 1123 1302 oum
1147 1231 1184 1301 in
1208 1229 1333 1302 castris
1358 1228 1433 1300 suis

371 1345 569 1419 infelicibus
578 1362 660 1418 ante
675 1347 837 1418 Nussiam
852 1331 1018 1418 militaret
1033 1372 1041 1416 :
1058 1370 1142 1418 nam
1156 1361 1286 1417 etcum
1299 1367 1431 1438 magno

371 1461 543 1552 exercitu,
575 1461 663 1534 bina
695 1461 789 1553 vice,
821 1461 1031 1534 comitatum
1063 1486 1171 1534 suum
1202 1460 1429 1556 Burgundiae,

370 1600 485 1675 prope
512 1602 596 1649 suos
620 1577 770 1669 limites,
801 1578 884 1674 igne
906 1591 942 1649 et
959 1577 1054 1650 ferro
1071 1578 1300 1677 pepulerant,
1319 1575 1433 1674 pluri·

370 1717 519 1791 masque
532 1692 724 1766 hominum
737 1692 850 1766 caedes
862 1707 969 1791 atque
981 1693 1126 1792 rapinas
1140 1692 1211 1765 illic
1224 1692 1428 1782 effeceraut3

371 1819 406 1876 et
432 1803 603 1896 subinde,
631 1829 715 1876 curn
747 1803 1014 1900 Lotharingiam
1040 1802 1107 1874 sibi
1134 1802 1242 1876 armis
1268 1800 1432 1897 subigere

370 1918 567 2014 laboraret,
597 1920 703 1993 etiam
729 1920 840 2018 ipsius
858 1918 944 1992 odio
961 1933 998 1992 et
1013 1920 1049 1990 in
1071 1920 1147 2016 ejus
1168 1933 1428 2016 contemptum,

371 2035 503 2109 damna
519 2060 594 2107 non
611 2060 721 2134 parva
738 2035 931 2132 etinjurias
947 2035 1162 2133 irrogarant.
1285 2077 1293 2093 ·

419 2153 572 2248 Hujusce
594 2153 699 2247 igitur
717 2152 865 2249 injurias
884 2151 999 2223 ultum
1024 2153 1067 2223 iri
1084 2173 1294 2250 properans,
1322 2175 1344 2222 e
1366 2153 1432 2222 Lo·

371 2268 545 2366 tharingia
563 2293 688 2341 omues
704 2270 841 2368 copiaS,
857 2283 931 2342 tam
953 2270 1115 2367 equitum
1136 2273 1252 2366 quam'
1268 2267 1430 2366 peditum

370 2413 531 2477 suorum,
560 2413 645 2460 cum
668 2413 801 2486 magno
828 2387 914 2460 belli
929 2402 1102 2487 apparatu
1124 2389 1161 2460 in
1186 2387 1431 2485 Burgundiam

371 2504 540 2601 primum,
559 2503 692 2578 deinde
710 2503 817 2604 paulo
833 2519 914 2602 post
931 2505 967 2576 in
984 2504 1215 2595 Sabaudiam,
1231 2528 1345 2603 prope
1356 2503 1433 2575 Sui·

259 2655 263 2660 ·
371 2623 526 2694 tensium
543 2623 728 2711 terminos,
747 2623 936 2692 contraxit.
957 2620 1027 2692 Ubi
1049 2635 1085 2692 et
1101 2621 1198 2693 dicta
1215 2619 1358 2692 ducissa
1373 2621 1433 2690 Sa·

370 2735 509 2809 baudiae
524 2739 558 2809 ei
575 2733 673 2835 apud
687 2739 913 2808 Lausannam
931 2733 1075 2808 obviam
1094 2737 1221 2809 venit¹.
1246 2739 1331 2808 Erat
1347 2733 1432 2805 etin

371 2853 446 2949 ejus
461 2837 634 2927 comitatu
646 2852 816 2924 dominus
830 2876 951 2926 comes
967 2851 1012 2924 de
1025 2858 1186 2946 Romont,
1206 2852 1313 2924 irater
1330 2848 1433 2922 ducis

370 2969 567 3061 Sabaudiae,
590 2994 664 3041 nou
684 2967 748 3040 diu
765 2983 848 3042 ante
865 2968 1061 3058 deiuncti¹3
1084 2969 1184 3064 cujus
1202 2969 1343 3040 comitis
1361 2981 1432 3038 ter·

370 3110 427 3158 ras
450 3101 485 3159 et
507 3081 624 3183 agros,
652 3086 713 3182 qui
730 3085 941 3158 eorumdem
958 3087 1175 3158 Suitensium
1196 3085 1329 3160 finibus
1344 3109 1434 3158 con·

371 3205 575 3296 terminant,
594 3203 662 3300 ipsi
677 3215 824 3300 perante
841 3203 994 3300 graviter
1006 3217 1244 3288 vastaverant.
1263 3201 1335 3275 Sed
1348 3225 1435 3299 prae·

371 3331 424 3388 ter
440 3341 519 3390 eam
536 3316 740 3413 querelam,
771 3340 843 3413 qua
864 3342 967 3407 eum,
993 3318 1041 3391 ob
1064 3341 1209 3390 causam
1225 3317 1328 3389 ducis
1345 3321 1433 3388 Bur·

370 3431 523 3526 gundiae,
539 3455 688 3504 exosum
701 3430 897 3525 habebant,
912 3434 1020 3506 etiam
1030 3435 1105 3506 odii
1118 3447 1155 3508 et
1166 3433 1434 3506 inimicitiarum

370 3545 589 3618 Suitensium
609 3545 799 3620 adversum
823 3573 859 3620 se
882 3548 1103 3622 incentivum
1121 3563 1156 3622 et
1173 3548 1334 3623 fomitem
1358 3549 1433 3646 ipse

410 3810 439 3866 t.
463 3811 579 3868 Erreur.
596 3811 636 3867 Ie
649 3807 704 3866 duc
719 3807 756 3867 de
768 3809 943 3888 Bourgogne
958 3808 1073 3869 n'allab
1089 3813 1242 3869 Lausauue
1256 3822 1336 3870 etue
1349 3811 1391 3870 vit
1405 3810 1434 3870 la

370 3895 509 3957 duchesse
522 3896 558 3956 de
572 3897 676 3957 Savoie
690 3901 825 3976 qu’apres
838 3897 867 3955 la
879 3895 996 3956 bauitte
1009 3897 1047 3958 de
1060 3900 1205 3960 Granson.
1221 3901 1353 3976 Moliuet,
1368 3914 1390 3964 t.
1406 3905 1433 3977 1,

368 4007 395 4045 c.
412 4007 493 4058 mr,
509 3999 538 4045 et
550 3985 722 4046 l’ltiueraire
736 3985 772 4046 de
786 3987 904 4046 Cbarles
921 3988 949 4046 le
962 3989 1125 4050 Temeraire
1138 3990 1212 4050 dans
1228 3993 1349 4074 Leogtet
1365 3995 1433 4052 Du·

370 4075 496 4154 fresnoy,
513 4080 681 4150 commines,
695 4089 715 4135 t.
734 4081 779 4153 11,
795 4097 825 4157 p.
842 4079 914 4138 219.

410 4169 439 4223 2.
460 4164 588 4224 Amedee
604 4165 642 4223 de
658 4165 778 4238 savoie,
802 4165 879 4223 frere
899 4164 936 4225 de
956 4171 1097 4247 lacques,
1119 4184 1213 4229 comte
1233 4168 1270 4228 de
1288 4173 1433 4244 Romont,

370 4253 438 4313 erait
452 4267 528 4313 mort
541 4273 577 4312 en
597 4257 685 4315 1472.
