3402 5186
407 557 445 612 te
678 551 933 614 fflsrnulauttu
952 552 1195 610 Lttoov1c1xt

406 689 489 758 Dux
512 701 632 760 tamen
660 683 830 758 Borbonii
842 737 853 776 ,
884 707 952 785 pro
980 710 1046 758 suo
1070 685 1242 758 comitatu
1270 698 1305 758 et
1337 683 1465 778 turba,

406 801 568 901 prolecto
585 802 685 875 nullo
704 802 851 876 inierior
868 801 946 874 suit.

455 922 546 1006 Com
572 933 691 992 autem
723 944 784 992 rer
814 917 978 990 inillam
1001 917 1244 991 venerandam
1279 917 1467 990 ecelesiam

406 1033 579 1132 majorem
600 1035 809 1123 introiisset,
837 1047 873 1108 et
896 1033 1098 1109 orationem
1121 1037 1198 1105 Deo
1227 1033 1468 1132 omnipotenti

405 1173 448 1222 ac
468 1149 627 1246 gloriosae
648 1148 803 1244 Virgini,
831 1146 992 1244 ejusdem
1009 1146 1133 1245 templi
1153 1162 1190 1220 et
1205 1145 1359 1218 ecclesiae
1381 1172 1466 1244 spe-

404 1263 483 1337 ciali
500 1279 679 1363 patronae,
704 1288 770 1362 pro
787 1287 851 1336 sua
869 1263 1062 1338 devotione
1079 1261 1248 1352 fudisset,
1266 1285 1467 1336 conscenso

349 1371 358 1388 ’
404 1381 533 1452 iterum
549 1403 656 1476 equo,
671 1403 756 1451 cum
771 1377 993 1478 principibus
1009 1402 1051 1449 ae
1068 1376 1279 1478 proceribus
1290 1377 1337 1450 ad
1351 1379 1468 1476 regale

325 1491 328 1500 '
405 1496 604 1596 platium¹,
634 1495 695 1568 ubi
711 1495 1017 1569 convivium-luxu
1041 1495 1150 1592 regali
1173 1510 1371 1594 oaeteraque
1384 1522 1467 1597 per-

330 1623 332 1626 ·
404 1613 553 1685 tinentia
566 1611 912 1712 magnificentissime
928 1625 1099 1712 apparata
1116 1625 1236 1701 erant,
1256 1635 1294 1682 se
1311 1612 1470 1713 recepit,

405 1723 524 1824 ibique
540 1727 775 1826 pernoctavit.

763 2085 1018 2159 CAPITULUM
1049 2089 1107 2158 Vl.

404 2293 522 2361 Qualiter
537 2311 584 2347 res
599 2291 695 2348 officiis
710 2292 785 2366 regni
797 2292 957 2367 providerit3
974 2309 1000 2349 et
1011 2295 1045 2350 de
1058 2296 1212 2370 inexplebili
1225 2300 1348 2370 ιιιιιιὶιίι,
1364 2304 1464 2376 rapinis

682 2387 759 2447 atque
771 2373 840 2430 dolis
850 2373 954 2430 domini
969 2373 1003 2430 de
1020 2377 1189 2435 Homaulberr.

452 2584 613 2658 Crastino
632 2603 752 2658 autem
768 2583 826 2657 die
842 2583 889 2656 ad
912 2583 1064 2656 domum
1084 2586 1230 2658 accessit
1255 2611 1333 2684 quae
1358 2589 1467 2688 vulgo

406 2731 423 2768 ιι
439 2699 485 2773 ad
500 2703 720 2775 'funiculas'
734 2729 752 2770 ιι
773 2698 991 2800 appellatur,
1014 2725 1094 2797 quae
1118 2701 1361 2776 turetianenst
1377 2705 1466 2778 aluei

403 2816 598 2914 spectabat,
609 2819 711 2914 juxta
721 2815 901 2889 Bastiliam
911 2816 1023 2890 saneti
1042 2816 1207 2910 Antonii3
1224 2843 1340 2917 prope
1355 2845 1466 2918 quam

404 2933 568 3024 domum,
589 2948 627 3005 ut
645 2933 691 3004 de
705 2956 748 3004 ea
765 2932 941 3004 anemine
952 2933 1061 3025 visus,
1080 2958 1165 3005 cum
1178 2934 1299 3024 vellet,
1313 2934 1466 3012 domum

403 3048 515 3122 saneti
529 3045 645 3118 Pauli⁸
663 3060 783 3145 petere
794 3044 915 3116 liceret
934 3045 947 3140 (
955 3071 1034 3142 quae
1047 3045 1136 3120 olim
1150 3049 1209 3120 avi
1223 3051 1277 3122 sui
1293 3049 1468 3126 habitatio

406 3163 625 3263 frequentior
643 3161 894 3260 brit),·exstrui
911 3160 991 3233 lecit
1005 3162 1200 3270 quamdam
1218 3167 1386 3262 galeriam
1405 3193 1466 3241 seu

405 3282 595 3356 transitum
624 3305 689 3378 per
718 3294 960 3353 transversum
988 3295 1105 3354 stratae
1137 3283 1290 3381 publicae
1304 3289 1333 3378 ⁸,
1360 3270 1468 3387 supra

405 3396 500 3495 pilas.
519 3421 582 3470 seu
610 3395 798 3468 columnas
819 3394 1022 3482 elevatum,
1049 3397 1103 3494 ita
1129 3401 1228 3497 quod
1253 3427 1318 3502 per
1341 3405 1469 3478 subtus

406 3511 571 3605 curribus
586 3525 623 3584 et
637 3509 816 3610 equitibus
836 3508 927 3583 liber
946 3511 1112 3584 transitus
1130 3532 1343 3592 remaneret.

455 3631 619 3716 Quantus
634 3639 755 3700 autem
771 3651 965 3700 concursus
981 3626 1028 3699 ad
1044 3627 1140 3703 illam
1157 3631 1283 3705 urbem
1299 3633 1414 3708 luerat
1426 3661 1468 3710 ex

404 3743 573 3817 omnibus
590 3743 785 3842 provinciis
796 3743 910 3839 regni,
929 3755 1141 3818 tameorum
1161 3750 1223 3844 qui
1238 3749 1307 3822 sub
1329 3753 1468 3849 optimo

405 3861 566 3959 genitore
586 3885 652 3933 suo
679 3857 797 3933 officia
822 3874 930 3957 atque
957 3858 1284 3939 administrationes
1308 3868 1469 3968 publicas

447 4047 475 4104 l.
498 4045 545 4099 Λιι
558 4037 663 4115 Palaia,
681 4058 717 4098 en
732 4038 761 4098 la
779 4037 850 4098 Cito.
878 4113 881 4120 .

445 4133 475 4188 l.
497 4129 610 4190 L'btltel
625 4128 676 4189 des
691 4128 872 4189 Tournelles.

445 4225 474 4284 3.
497 4221 608 4282 L’hotel
624 4220 807 4282 saint-Paul.

339 4337 351 4364 ι
445 4314 476 4374 l.
497 4315 539 4372 La
552 4330 605 4384 rue
620 4309 853 4372 Sunt-Antoina.
