3282 5168
365 449 423 505 27⁴
635 443 893 503 mstoalalttm
911 442 1090 502 mnovtct
1109 444 1152 500 x1

365 579 576 654 authentice
595 578 706 677 ipsius
730 575 919 667 Ludovici‚
950 579 1170 650 Francorum
1202 577 1313 673 regis,
1348 578 1424 676 ejus

367 718 476 767 manu
489 695 633 791 signatae
648 707 685 765 et
694 690 808 790 sigillo
822 687 1011 785 roboratae,
1029 691 1183 764 invente
1198 705 1303 784 sunt,
1323 707 1360 765 et
1376 693 1425 767 ad

366 808 536 900 Edoardi,
555 809 684 882 deinde
704 807 751 880 ab
770 807 847 906 ipso
861 806 908 878 ad
925 805 1027 880 ducis
1042 806 1334 904 Burgundionum
1354 833 1426 880 ma·

366 949 434 997 nus
449 925 608 1023 perlatae,
627 924 787 996 fecerunt
802 922 848 994 de
861 920 922 994 illo
942 945 1004 995 eos
1021 921 1153 996 ioederc
1172 937 1306 1017 certos,
1323 922 1425 1021 quod

366 1033 599 1114 uerisimiliter
615 1041 710 1138 ipsos
727 1050 873 1136 perante
890 1035 1052 1111 latuerat.

413 1155 484 1227 Sed
510 1171 546 1228 et
569 1156 686 1254 ipsum
712 1152 823 1226 soedus
845 1167 881 1225 et
902 1168 1163 1226 sacramentum
1186 1177 1292 1228 suum
1314 1175 1428 1251 quam

365 1271 499 1366 integre
516 1286 551 1342 et
566 1271 771 1368 incorrupte
790 1269 885 1341 idern
902 1267 1104 1342 Ludovicus
1122 1269 1323 1360 servaverit,
1343 1271 1429 1342 satis

364 1383 502 1482 liquido
520 1409 563 1456 ex
578 1383 652 1474 his,
671 1409 750 1482 quae
765 1383 889 1479 gessit,
908 1381 1130 1482 deprehendi
1146 1398 1275 1482 potest.
1302 1387 1427 1471 Quan-

334 1595 337 1606 .
362 1528 471 1602 quam
489 1503 608 1594 enim,
627 1501 760 1600 absque
777 1524 942 1599 expresso
964 1502 1052 1573 scitu
1076 1516 1112 1573 et
1135 1526 1313 1575 consensu
1330 1500 1430 1599 prin·

248 1612 254 1623 ’
363 1621 451 1718 cipis
475 1618 631 1718 praedicti
656 1618 811 1710 Walliae,
839 1641 905 1688 nec
931 1640 1078 1714 pacem,
1108 1642 1175 1690 nec
1204 1631 1345 1712 treugas
1369 1614 1430 1686 vel

363 1735 612 1807 abstinentiam
630 1760 651 1808 a
668 1759 811 1831 guerra,
837 1759 899 1806 seu
922 1748 1291 1830 appunctuarnentum
1313 1733 1431 1831 quod-

363 1876 518 1947 cumque
531 1875 614 1922 cum
638 1849 730 1923 duce
746 1848 957 1947 burgundiae
974 1848 1156 1926 facturum·
1171 1875 1208 1926 se
1222 1849 1429 1946 juramento

364 1965 622 2054 adstrinxisset,
641 1987 708 2035 nec
724 1963 809 2036 inde
832 1962 945 2035 ullum
969 1963 1120 2034 verbum
1142 1979 1203 2035 aut
1225 1988 1429 2036 sermonem

365 2104 449 2151 cum
479 2104 524 2150 eo
548 2078 775 2172 habiturum,
802 2095 941 2172 tamen,
968 2078 1097 2151 eodem
1124 2078 1214 2151 duce
1244 2080 1431 2151 incastris

367 2193 554 2266 exsistente
575 2206 611 2264 et
632 2192 861 2266 obsidionem
877 2208 1022 2266 tenente
1039 2207 1120 2266 ante
1137 2193 1430 2266 Ambianensium

366 2307 565 2398 civitatem,
584 2332 667 2380 cum
684 2309 833 2399 eodem,
855 2308 913 2381 die
929 2334 980 2381 ιν.
999 2310 1131 2380 mensis
1155 2309 1307 2406 aprilis¹,
1333 2323 1432 2382 treu-

368 2450 429 2523 gas
453 2428 647 2496 trimestres
670 2424 844 2516 firmavit,
868 2438 904 2496 et
931 2423 1062 2497 deinde
1083 2449 1126 2496 ex
1153 2423 1311 2497 calendis
1337 2425 1432 2522 junii

257 2614 262 2624 ,
371 2542 550 2640 sequentis
569 2541 616 2612 ad
631 2567 745 2613 unum
763 2566 900 2613 annum
917 2542 1095 2636 integrum
1112 2542 1330 2641 prorogavit.

321 2733 327 2744 ,
417 2662 470 2728 De
488 2656 619 2754 quibus
641 2657 819 2757 prioribus
840 2657 972 2754 treugis
996 2681 1078 2730 cum
1100 2657 1290 2756 praedictus
1311 2685 1433 2732 comes

370 2773 415 2844 de
428 2771 597 2844 Warvich
621 2774 751 2845 certior
769 2772 879 2845 factus
896 2772 1005 2866 soret,
1027 2773 1088 2871 qui
1105 2772 1246 2850 decimo
1271 2789 1351 2875 post
1373 2801 1435 2850 eas

371 2887 526 2960 firmatas
535 2888 594 2984 die
605 2886 724 2960 adbuc
740 2889 775 2959 in
790 2887 958 2962 humanis
971 2887 1112 2986 agebat,
1127 2904 1266 2964 tantum
1278 2890 1436 2965 doluisse

371 3005 493 3094 fertur,
506 3019 646 3078 tanturn
662 3004 834 3084 moestitiae
846 3005 1033 3102 luctusque
1043 3004 1205 3096 duxisse,
1223 3021 1262 3079 ut
1278 3031 1379 3105 paene
1395 3009 1434 3080 in

253 3185 255 3188 .
371 3121 656 3220 desperationem
667 3119 845 3198 ceciderit.
859 3120 968 3208 Quod
980 3145 1043 3218 per
1051 3145 1132 3192 suas
1141 3120 1274 3196 litteras
1286 3123 1369 3194 satis
1381 3125 1436 3196 in·

373 3236 508 3309 dicasse
529 3234 718 3328 terebatur,
739 3258 829 3331 quas
844 3234 891 3306 ad
907 3235 1076 3308 eumdem
1092 3237 1314 3316 Ludovicum
1330 3235 1376 3310 de
1393 3263 1436 3312 ea

373 3378 412 3426 re
438 3353 596 3452 scripsit;
621 3352 658 3422 in
683 3348 815 3448 quibus
838 3350 870 3422 ci
894 3351 1126 3449 proditionis,
1153 3351 1309 3451 perfidiae
1328 3368 1438 3452 atque

371 3469 518 3568 perjurii
531 3468 682 3542 crimina
691 3465 948 3567 ,esprobrabat
960 3467 1031 3542 Sed
1043 3493 1129 3547 cum
1141 3467 1278 3565 talium,
1295 3484 1333 3542 ut
1346 3470 1439 3545 dixi-

373 3609 475 3676 mus,
500 3584 622 3656 artifex
643 3583 907 3684 expertissimus
926 3582 1064 3674 fuisset,
1088 3586 1173 3658 satis
1193 3585 1343 3681 dignum
1364 3589 1438 3662 suis

373 3703 507 3774 meritis
535 3703 665 3795 suerat,
696 3717 742 3778 ut¹
756 3701 864 3778 etiam
890 3701 927 3775 in
952 3701 1041 3775 retia
1069 3703 1266 3779 consimilis
1289 3705 1439 3802 aucupis

373 3818 592 3891 traderetur..
608 3818 749 3907 Quibus
769 3815 946 3908 ambobus
964 3818 1051 3897 saris
1066 3819 1322 3896 convenienter
1337 3823 1438 3899 mdo·

416 4002 445 4058 1.
468 4004 509 4057 La
522 3997 603 4057 treve
619 3996 663 4057 fut
678 4017 715 4059 en
728 3997 798 4058 esset
813 4000 926 4059 arrete'e
939 3999 989 4058 des
1002 3999 1062 4059 led
1079 4001 1169 4074 avril,
1187 4003 1259 4061 mais
1272 4001 1355 4061 l’acte
1370 4009 1439 4063 n'en

373 4090 418 4148 int
439 4087 611 4168 promulgue
627 4106 685 4166 qne
701 4086 730 4146 le
743 4090 793 4148 10.
811 4087 836 4146 ll
855 4100 898 4147 est
915 4085 987 4148 dans
1004 4087 1151 4148 l'Hr'stoire
1167 4093 1203 4147 de
1221 4095 1385 4169 Bomgogrre
1401 4092 1439 4152 de

371 4183 408 4239 D.
426 4177 579 4250 Plancher‚
595 4189 615 4234 t.
634 4179 684 4249 1v,
699 4195 760 4254 pr.,
774 4195 805 4234 n.
823 4178 891 4235 302.
