3384 5184
372 521 430 576 ηε
641 501 898 576 msronnanr'u
919 517 1096 574 uunovun
1116 518 1160 602 xi

371 675 519 748 magum
535 662 643 721 noctu
662 649 825 736 advenit,
852 647 990 718 civibus
1009 646 1096 719 nihil
1120 646 1165 718 de
1185 647 1295 745 ipsius
1322 649 1436 721 inten-

371 768 471 837 tione
495 781 531 838 et
554 765 706 836 civitatis
730 763 915 834 deditione
940 762 1145 834 scientibus.
1173 767 1359 850 Quocum
1377 791 1435 838 ve·

373 882 498 972 nisset,
521 882 567 953 ad
591 906 671 953 eam
692 897 830 979 partem
848 880 981 978 quade
1002 892 1118 951 castro
1135 894 1232 978 patet
1256 883 1370 954 exitus
1388 882 1434 954 ad

371 1021 538 1094 campos,
556 1021 622 1094 per
638 996 802 1095 praesatos
819 994 1058 1067 Patriarcham
1076 1010 1112 1067 et
1128 996 1322 1067 Dominam
1339 1022 1436 1070 suos·

370 1137 441 1211 que
453 1127 698 1200 assectatores,
713 1113 750 1182 in
762 1135 881 1184 arcem.
893 1136 954 1182 seu
966 1127 1138 1204 castrum,
1153 1136 1267 1210 prope
1277 1113 1434 1186 mediam

371 1235 537 1323 noctem,
556 1230 687 1301 exstitit
703 1253 786 1300 curn
797 1252 862 1298 suo
879 1228 1103 1299 intromissus
1118 1228 1294 1300 comitatu
1305 1234 1328 1298 ¹.
1343 1233 1433 1302 Cum

371 1363 491 1419 autem
509 1346 618 1445 paulo
638 1360 740 1444 post,
767 1337 973 1441 hujusmodi
991 1346 1171 1441 ingressus
1185 1359 1221 1417 et
1236 1346 1345 1417 totins
1361 1345 1434 1418 lac·

371 1464 478 1534 tionis
495 1487 619 1536 rumor
637 1486 701 1560 per
717 1475 830 1532 totam
847 1475 1006 1532 curreret
1021 1461 1220 1551 civitatem,
1248 1477 1435 1559 coeperunt

371 1578 411 1650 hi
432 1579 495 1675 qui
520 1579 557 1649 in
584 1591 701 1650 castro
731 1591 833 1649 erant
854 1602 938 1648 cum
968 1576 1146 1674 aliquibus
1170 1579 1267 1678 notis
1295 1577 1432 1650 civibus

371 1709 483 1768 totam
510 1719 638 1766 eorum
667 1694 903 1766 intentionem
931 1685 1074 1791 ¹aperire
1104 1708 1212 1791 atque
1245 1695 1429 1791 detegere,

371 1810 561 1883 suadentes
573 1824 750 1908 quatenus
767 1811 885 1908 ipsum
899 1809 1087 1881 dominum
1101 1810 1287 1902 Catulum,
1302 1811 1338 1884 in
1352 1837 1428 1911 per·
1510 1885 1514 1892 ,

372 1952 459 1999 sona
482 1925 618 2025 praelati
642 1926 744 1997 ducis
763 1911 1011 2017 Borbonii,'in
1030 1924 1159 1998 ducem
1185 1942 1290 2024 atque
1316 1927 1433 1999 domi·

372 2069 460 2115 num
476 2043 623 2142 pacifice
639 2043 816 2140 suscipere
834 2041 986 2133 vellent3
1006 2044 1067 2139 qui
1086 2044 1136 2114 eis
1152 2042 1241 2115 nibil
1256 2045 1432 2116 violentiae

372 2173 433 2230 aut
449 2159 607 2255 injuriae,
629 2157 690 2229 ubi
707 2156 858 2230 libentes
874 2173 1060 2255 parerent,
1081 2157 1187 2231 vellet
1200 2159 1349 2248 inferre,
1369 2160 1430 2231 sed

372 2275 494 2346 omnia
509 2273 740 2345 humanitatis
762 2287 796 2344 et
820 2271 1078 2346 benevolentiae
1102 2273 1219 2346 ollicia
1242 2274 1428 2368 exhibere3

373 2390 435 2462 ubi
451 2405 661 2463 autem·tam
677 2389 834 2480 bonum,
855 2406 929 2462 tam
947 2391 1049 2488 pium
1063 2405 1170 2487 atque
1183 2392 1319 2488 justum
1338 2394 1431 2491 prin·

371 2505 508 2604 cipem,
530 2507 580 2579 eis
604 2531 687 2578 cum
715 2507 816 2580 omni
833 2505 1052 2612 benignitate
1073 2507 1230 2604 legitime
1253 2508 1429 2607 imperare

371 2624 602 2715 venientem,
632 2623 770 2696 nollent
795 2624 989 2722 spontanei
1025 2626 1204 2724 recipere,
1235 2627 1367 2699 scirent
1393 2651 1431 2698 se

372 2741 479 2811 armis
503 2741 635 2812 invitos
660 2739 787 2834 adid,
820 2764 896 2810 non
923 2738 1059 2836 absque
1087 2763 1214 2813 eorum
1239 2739 1373 2815 damno
1398 2756 1434 2814 et

369 2857 526 2952 jactura,
545 2859 709 2954 protinus
728 2857 802 2927 sore
818 2855 1014 2952 cogendos
1383 2849 1387 2861 ’

358 3059 362 3070 ¹
422 2976 509 3059 Quae
525 2971 634 3044 verba
651 2997 735 3043 curn
752 2971 916 3043 omniurn
928 2995 1029 3070 paene
1041 2973 1159 3045 statim
1176 2974 1309 3046 civium
1326 2973 1433 3047 deve-

372 3089 506 3160 nissent
533 3087 579 3160 ad
604 3112 729 3177 aures,
754 3113 829 3160 sese
857 3087 904 3160 ad
925 3088 1076 3161 domum
1105 3089 1343 3182 consulatus’,
1370 3092 1433 3189 qui

372 3205 506 3275 caeteris
530 3203 651 3300 aliquo
680 3201 831 3275 honoris
862 3204 974 3300 gradu
1000 3205 1226 3279 honestiores
1251 3206 1435 3279 duceban-

373 3330 452 3412 tur,
484 3319 602 3390 statim
635 3333 829 3416 coegerunt
855 3346 922 3418 pro
950 3323 1102 3396 consilio
1136 3323 1326 3423 capiendo
1364 3323 1435 3410 Qui

372 3457 455 3503 curn
491 3434 644 3505 invicem
670 3435 809 3506 collecti
838 3459 992 3534 praesens
1025 3438 1250 3511 intuerentur
1273 3438 1370 3512 exitii
1399 3453 1435 3510 et

373 3547 500 3645 praedae
521 3550 740 3647 periculum,
765 3552 794 3624 si
816 3552 936 3625 oblata
952 3555 1182 3653 respuissent,
1201 3554 1309 3627 simul
1326 3555 1434 3626 etiam

373 3663 472 3761 quod
507 3665 582 3764 ipse
610 3665 779 3739 Borbonii
804 3665 899 3761 dux,
930 3685 1004 3741 tam
1031 3695 1098 3742 suo
1136 3695 1245 3768 quam
1281 3670 1433 3744 aliorum

371 3781 576 3881 principum
600 3784 769 3875 nomine,
797 3785 917 3857 multis
943 3787 1172 3859 sacramentis
1200 3785 1436 3885 polliceBatur

372 3898 442 3990 eis,
472 3901 654 3997 usquead
682 3916 881 3976 extremum
905 3905 1005 3975 necis
1027 3927 1099 3976 suae
1119 3903 1342 4003 periculum,
1372 3929 1436 3977 eos

413 4177 441 4232 l.
466 4179 545 4234 Dans
560 4175 586 4234 la
601 4175 664 4234 nuit
677 4175 717 4234 du
733 4176 771 4233 at
787 4195 825 4235 au
838 4180 877 4236 28
891 4177 1053 4257 septembre
1069 4184 1157 4240 1465.

414 4265 443 4323 2.
466 4263 578 4323 L’horel
594 4263 630 4323 de
644 4265 724 4324 ville.
1188 4263 1192 4276 ’
