3282 5168
363 497 421 554 810
634 493 891 554 mstotuauutt
910 491 1089 551 Lunovlm
1108 494 1153 552 n

360 628 498 701 nandas
520 649 642 717 escas,
662 639 698 698 et
716 649 798 724 quae
814 625 977 700 humano
994 626 1074 699 usui
1091 627 1240 702 minime
1265 654 1340 704 esse
1365 655 1426 704 so-

358 739 456 841 lent,
488 749 753 845 constringente
773 746 876 820 samis
892 746 1033 840 inedia,
1054 764 1277 846 urgerentur.
1298 755 1428 823 Fertur

358 867 455 939 enim
466 867 518 939 ibi
536 866 628 939 libra
639 865 802 938 carnium
814 864 902 937 muli
912 866 970 938 vel
981 867 1072 939 asini
1084 865 1304 940 venumdata
1316 868 1427 941 luisse

358 981 479 1056 medio
497 982 635 1053 floreno
656 978 861 1076 Aragoniae3
885 1005 975 1079 quas
994 1007 1060 1054 nec
1076 1007 1144 1080 pro
1161 985 1319 1056 nummis
1334 985 1422 1073 suis,

357 1101 421 1198 qui
449 1097 639 1198 cupiebat,
671 1096 891 1194 frequentius
915 1097 1060 1171 venales
1081 1112 1222 1197 poterat
1245 1099 1421 1174 invenire.

357 1214 429 1287 Sed
449 1239 534 1286 cum
557 1210 726 1286 adversus
750 1215 905 1285 Francos
935 1212 1139 1311 frequenter
1165 1215 1362 1306 insilirent,
1393 1218 1425 1289 si

356 1329 414 1403 vel
437 1331 597 1419 asinum,
624 1327 682 1400 vel
709 1325 807 1399 aliud
832 1327 1038 1424 jumentum
1063 1329 1111 1402 ad
1133 1354 1171 1403 se
1198 1331 1339 1405 trahere
1360 1357 1426 1431 po-

357 1445 526 1535 tuissent,
554 1468 622 1544 pro
657 1468 732 1516 non
753 1442 899 1516 modico
929 1443 1020 1516 illud
1045 1458 1181 1546 tropaeo
1206 1445 1421 1521 ducebatur.

358 1560 536 1636 Nonnulla
560 1561 611 1635 eis
630 1560 812 1634 interdum
830 1561 981 1660 alicujus
1001 1587 1155 1638 annonae
1179 1567 1337 1663 provisio
1359 1591 1424 1666 per

357 1681 547 1754 Elnensem
562 1678 765 1771 civitatem,
794 1679 944 1750 ermari
972 1693 1034 1751 aut
1054 1682 1290 1779 »impuritano
1300 1686 1323 1771 ¹,
1340 1708 1424 1783 pro-

356 1795 553 1871 veniebat:
580 1816 689 1892 quarn
718 1791 853 1866 obsessi
881 1806 992 1867 noctu
1024 1795 1142 1889 clam,
1169 1822 1236 1896 per
1258 1797 1363 1872 devia
1387 1814 1424 1874 et

358 1911 475 1984 varios
496 1910 665 1981 itinerum
686 1907 886 2002 anfractus,
907 1910 1001 1982 intra
1016 1935 1080 1984 sua
1096 1913 1229 1984 moenia
1245 1938 1329 1986 cum
1347 1939 1424 1988 ma-

357 2025 437 2122 gnis
454 2025 618 2124 periculis
636 2023 832 2122 aliquando
846 2025 1084 2121 invehebant,
1104 2027 1168 2100 sed
1183 2027 1221 2100 id
1237 2053 1321 2102 raro
1334 2045 1371 2102 et
1386 2031 1423 2103 in

357 2153 432 2210 tam
448 2138 574 2234 exigua
590 2137 800 2234 quantitate,
825 2161 906 2235 quae
920 2161 989 2210 nec
1006 2140 1073 2211 toti
1091 2138 1242 2213 obsessae
1259 2143 1426 2215 multitu-

359 2253 455 2347 dini,
479 2277 568 2342 nec,
594 2253 662 2324 nisi
679 2252 726 2325 ad
755 2252 940 2326 modicum
968 2267 1136 2355 tempus,
1164 2255 1330 2330 sullicere
1356 2284 1424 2358 po·

358 2371 496 2444 tuisset.

407 2485 644 2560 Persistebant
660 2499 780 2559 tamen
798 2487 919 2581 etiam,
939 2486 975 2558 in
993 2501 1092 2562 tanta
1107 2512 1227 2562 rerum
1245 2491 1420 2586 angustia,

356 2628 394 2676 se
410 2628 494 2675 cum
506 2625 572 2675 suo
589 2627 670 2700 rege
689 2603 837 2675 viriliter
854 2603 1068 2696 defendere,
1088 2619 1125 2678 et
1139 2603 1322 2680 interdum
1339 2633 1423 2682 cum

356 2743 490 2816 magno
515 2719 657 2816 agmine
679 2744 699 2791 e
722 2720 836 2818 portis
863 2734 1105 2818 erumpentes,
1130 2721 1363 2821 quamplures
1380 2749 1423 2797 ex

356 2835 540 2930 hostibus,
568 2837 763 2935 praesertim
781 2837 811 2908 si
829 2851 1066 2933 evagarentur
1087 2839 1265 2911 incautius
1281 2855 1319 2913 et
1338 2840 1424 2914 lon-

357 2953 436 3052 gius
450 2978 472 3025 e
487 2953 609 3026 castris
629 2977 706 3027 sese
723 2953 972 3044 effunderent,
995 2953 1223 3053 perimebant
1238 2957 1296 3030 vel
1313 2956 1423 3030 duce·

357 3069 445 3143 bant
471 3071 651 3168 captivos;
682 3071 731 3142 ita
757 3068 991 3168 quodetiam
1020 3069 1158 3171 aliquot
1181 3072 1227 3146 de
1258 3071 1422 3146 hostibus

357 3162 567 3285 milliasper
579 3186 695 3258 varias
706 3167 827 3276 vices,
846 3185 1044 3260 trucidasse
1062 3188 1287 3281 ferebantur,
1306 3206 1343 3265 et
1357 3189 1421 3262 ali·

356 3300 504 3400 quando
517 3301 563 3374 de
576 3301 764 3400 praecipuis
774 3301 930 3375 militum
939 3305 1159 3378 Francorum
1168 3303 1323 3380 ducibus
1334 3331 1422 3378 non-

357 3415 477 3488 nullos
492 3416 684 3490 abduxisse
695 3416 857 3514 captivos
867 3418 891 3488 ¹.

395 3707 424 3763 l.
447 3707 580 3764 Elaensts
590 3707 700 3777 civitas,
713 3702 742 3762 la
755 3701 826 3762 ville
844 3701 1009 3782 episcopale
1022 3703 1136 3783 d’Elne,
1151 3706 1338 3783 aujourd'bui
1350 3709 1420 3770 dans

352 3797 381 3854 le
393 3792 594 3872 departement
611 3790 662 3853 des
676 3790 1013 3870 Pyrdnees-Orientalcs3
1030 3799 1267 3872 Ampor-itanum,
1286 3796 1315 3856 le
1327 3797 1419 3856 comte

354 3881 540 3962 d'Ampurias
553 3901 592 3942 ou
608 3880 832 3962 Lampourdan,
844 3881 917 3942 dans
931 3883 960 3941 la
974 3883 1141 3965 Catalogne.

394 3974 424 4034 2.
444 3976 486 4034 Le
510 3970 647 4052 seigneur
666 3970 707 4031 du
728 3973 790 4030 Lau
808 3971 984 4047 lui-meme,
1006 3970 1078 4032 dans
1103 3993 1161 4034 une
1183 3975 1272 4034 sortie
1296 3975 1366 4055 qn'il
1389 3975 1421 4036 lit

353 4065 421 4123 hors
440 4061 481 4122 du
494 4060 627 4136 chateau,
642 4080 673 4121 se
691 4059 776 4122 laissa
789 4060 915 4142 prendre
936 4081 990 4142 par
1008 4081 1067 4124 une
1085 4065 1259 4145 compagnie
1274 4064 1312 4126 de
1329 4065 1419 4144 parti·

352 4172 418 4214 sana
429 4152 480 4232 qui
494 4149 586 4214 s'dtait
599 4151 710 4214 formes
723 4170 790 4211 sous
804 4151 831 4211 le
844 4171 913 4212 nom
928 4151 965 4212 de
977 4153 1106 4227 hequtt
1124 4153 1272 4233 (laquais).
1288 4155 1418 4216 Relation

353 4241 449 4300 d’Ant.
466 4245 582 4314 Passot,
599 4239 620 4300 l.
637 4260 663 4300 e.
