3322 5172
726 313 755 388 φ’

519 549 521 554 ’
573 597 682 656 anun
709 594 879 673 orsurus.
968 541 981 564 ’
1197 599 1255 658 ιιι

199 729 317 827 primo
334 729 680 802 Commentariorum
704 754 852 803 suorum
867 729 973 822 libro,
991 756 1082 830 quos
1095 730 1141 805 de
1153 729 1255 806 bellis

200 843 333 940 gallicis
350 845 504 944 scripsit,
523 843 702 918 Helvetios
719 861 915 946 nuncupat.

248 959 321 1057 Ipsi
337 959 432 1031 enim
457 983 540 1030 cum
556 952 689 1046 steriles
706 974 846 1032 montes
864 983 1016 1058 saxaque
1032 975 1069 1033 et
1086 962 1255 1062 scopulos

201 1097 301 1170 paene
320 1074 518 1146 inaccessos
530 1072 706 1167 habitent,
725 1099 899 1174 pauperes
916 1088 955 1146 ut
968 1075 1039 1147 sint
1052 1091 1179 1149 natura
1196 1101 1257 1149 ne·

201 1213 299 1260 cesse
321 1204 386 1284 est,
404 1213 488 1262 cum
512 1186 562 1266 ibi
578 1213 645 1260 nec
666 1188 845 1262 frumenta
862 1214 928 1262 nec
944 1190 1047 1284 vina,
1072 1192 1139 1263 nisi
1155 1193 1259 1264 raris·

191 1303 303 1396 sime,
322 1302 572 1404 utplurimum
587 1329 674 1377 vero
689 1329 755 1377 nec
771 1305 873 1378 utiles
885 1304 1006 1378 herbae
1023 1331 1140 1404 neque
1156 1305 1260 1379 arbo-

201 1441 270 1510 res,
292 1434 418 1517 praeter
438 1419 592 1513 abietes,
619 1443 777 1493 crescere
799 1418 1000 1492 videantur.
1028 1420 1081 1492 Ad
1106 1443 1265 1518 parvum¹

203 1558 289 1607 vero
306 1550 343 1608 et
358 1552 505 1610 tenuem
515 1536 648 1609 victum
661 1536 803 1626 assueti,
822 1536 933 1610 caseis
944 1552 979 1609 et
989 1536 1092 1628 lacte,
1113 1562 1207 1635 quos
1220 1563 1261 1612 es

203 1651 429 1744 animalibus,
449 1678 528 1751 quae
542 1649 615 1724 illic
623 1651 750 1723 nutriri
766 1665 929 1749 possunt,
948 1650 1107 1742 trahunt,
1127 1667 1162 1723 et
1172 1667 1264 1752 potu

201 1793 303 1865 aquae
317 1767 449 1867 frigide
476 1792 606 1865 magna
630 1781 790 1866 exparte
810 1768 1028 1874 nutriuntur.
1049 1767 1157 1853 Quod
1182 1769 1264 1840 satis

203 1882 398 1982 prudenter
415 1883 603 1956 advertens
618 1887 836 1954 Francorum
851 1905 929 1974 rex,
956 1880 1019 1978 qui
1035 1903 1157 1952 versus
1173 1885 1264 1979 Lug-

205 1997 345 2071 dunum
365 1999 488 2098 copias
514 2021 660 2094 magnas
686 2020 835 2068 suorum
863 1996 1024 2092 equitum
1046 2008 1081 2068 et
1103 1996 1265 2094 peditum

205 2128 430 2186 contraxerat
464 2112 793 2213 (contemplaturus
830 2110 959 2184 exinde
988 2110 1034 2184 de
1060 2113 1266 2210 propinquo

205 2227 289 2301 belli
303 2245 485 2324 eventum,
504 2246 541 2303 et
562 2230 704 2328 qualem
721 2229 863 2301 fortuna
882 2242 1100 2327 proventum
1123 2231 1187 2303 uni
1210 2229 1267 2302 vel

205 2346 308 2420 alteri
326 2349 481 2448 partium
499 2348 647 2421 allatura
659 2347 780 2445 esset),
795 2346 862 2444 ipsi
878 2345 1173 2442 Burgundionum
1183 2348 1267 2420 duci

206 2489 271 2562 per
288 2465 422 2562 legatos
439 2465 650 2537 sententiam
672 2487 774 2535 suam
793 2475 829 2534 et
843 2459 1033 2534 consilium
1048 2463 1268 2537 insinuatum
1375 2467 1379 2476 “

207 2579 313 2652 misit.
346 2576 564 2651 Consulebat
589 2577 766 2675 siquidem
790 2591 825 2650 et
852 2601 1069 2676 magnopere
1094 2578 1267 2652 suadebat

206 2697 274 2796 ipsi
292 2694 589 2792 Burgundionum
603 2693 689 2766 duci
702 2693 749 2765 ab
761 2692 875 2766 hocce
888 2692 984 2766 bello
998 2691 1263 2784 abstinendum,

205 2823 242 2880 et
250 2806 447 2879 consultius
461 2819 497 2878 et
504 2804 624 2878 utilius
635 2801 795 2878 sibi'cum
805 2804 994 2879 honestate
1007 2805 1157 2878 domum
1170 2807 1267 2878 inco-

206 2923 342 2996 lumem
359 2921 491 3024 pedem
511 2920 643 2994 referre
660 2935 697 2992 et
717 2919 789 2993 illic
816 2921 1017 3020 quiescere,
1046 2947 1154 3019 quam
1172 2921 1267 2995 bello

206 3039 286 3114 illos
306 3064 498 3141 pauperes,
517 3037 580 3112 sed
596 3051 761 3110 strenuos
779 3036 906 3138 procul
929 3036 1042 3110 dubio
1064 3053 1172 3137 atque
1195 3041 1269 3111 ani-

208 3182 342 3250 mosos,
363 3157 541 3256 Alpinates
553 3154 739 3228 lacessere¹
762 3180 771 3224 ι
790 3179 874 3228 nam
891 3152 954 3226 ubi
971 3178 1033 3226 eos
1051 3155 1268 3253 opprimeret

209 3289 244 3346 et
260 3297 386 3348 eorum
407 3273 608 3369 acquireret
625 3257 749 3362 terra's,
768 3270 858 3342 nihil
884 3270 969 3342 utile
991 3269 1059 3342 sibi
1077 3271 1269 3367 acquisitu·

208 3417 309 3484 rum3
327 3388 388 3461 ubi
407 3413 495 3460 vero
515 3403 663 3461 econtra
680 3388 834 3460 infausto
849 3388 970 3460 omine
981 3387 1033 3460 illi
1043 3387 1167 3488 (prout
1182 3414 1271 3462 sem·

208 3532 273 3609 per
291 3505 381 3602 varii
403 3519 510 3602 atque
535 3503 661 3576 incerti
681 3519 765 3576 sunt
780 3503 960 3578 bellorum
979 3505 1141 3602 eventus)
1166 3531 1271 3608 supe-

208 3625 322 3697 riores
351 3618 473 3721 praelio
498 3618 712 3708 evaderent,
737 3642 843 3716 posse
869 3619 940 3692 hoc
967 3622 1205 3696 verisimiliter
1235 3639 1272 3697 et
1398 3714 1403 3723 Ι

211 3741 302 3832 vitae,
319 3753 356 3812 et
368 3737 593 3809 fortunarum
610 3735 788 3828 omnium,
804 3759 880 3807 uno
894 3752 1092 3833 momento,
1108 3737 1174 3810 sibi
1186 3739 1272 3812 irre·

211 3839 371 3956 parabile
387 3852 535 3927 exitium
552 3852 760 3953 importare.

253 4068 282 4124 1.
305 4067 330 4123 Α
344 4061 374 4123 la
387 4079 486 4140 merge
503 4060 543 4120 du
558 4079 613 4120 ms.
633 4057 655 4118 il
667 4077 688 4137 y
700 4077 719 4117 a
737 4076 775 4116 en
788 4068 856 4118 note
872 4080 879 4116 :
897 4063 963 4118 Her
976 4063 1055 4137 longe
1076 4061 1162 4116 aliter
1173 4077 1273 4119 narrat

213 4157 363 4230 Philippus
390 4155 572 4213 commeneus
596 4162 624 4206 et
644 4161 718 4206 certe
740 4149 926 4206 verisimilius.
952 4151 1115 4224 Remarque
1136 4146 1273 4226 deptacee

214 4243 368 4323 puisqu'on
381 4241 415 4300 lit
426 4261 463 4300 nu
474 4248 719 4298 commencement
729 4235 769 4296 du
782 4235 886 4298 livreV
896 4236 946 4298 des
958 4235 1128 4296 Me'moires:
1147 4241 1211 4297 «te
1220 4257 1273 4321 roy

213 4331 508 4393 lesollicitoitfort....
519 4327 589 4408 qu'il
600 4327 710 4388 lui'ssast
721 4346 758 4388 en
767 4326 835 4408 paiz
844 4347 1004 4407 cespovres
1010 4326 1122 4408 gensde
1131 4327 1271 4391 Suissa.-

373 4458 401 4496 ιι
1075 4436 1113 4492 at
1183 4433 1194 4464 '
