3402 5186
658 533 768 593 matt
787 537 936 596 PRIMUS.
1287 538 1324 596 59

271 667 393 768 spoliis
409 689 534 739 eorum
551 689 632 738 suas
647 691 735 766 opes
750 665 980 764 adaugerent.
999 668 1144 740 Minime
1158 691 1244 740 vero
1259 667 1327 741 illis

271 808 363 881 opus
378 796 455 856 erat
472 796 655 857 uteorum
672 780 866 855 adventum
882 783 974 854 votis
992 796 1209 881 expeterent.
1237 783 1327 854 Satis

271 897 368 969 enim
394 919 573 994 superque
602 895 684 969 satis
709 895 811 968 citius
840 895 887 968 ad
916 921 978 968 eos
1004 897 1188 969 Gallorum
1215 895 1328 968 adsuit

271 1014 458 1088 adventus.
502 1017 602 1100 Quos
640 1037 724 1083 cum
760 1014 968 1086 adventasse
1008 1013 1258 1114 cognovissent
1293 1027 1329 1085 et

270 1129 364 1200 intra
383 1127 472 1200 fines
488 1153 573 1199 suos
589 1127 710 1200 adesse
728 1129 913 1218 sentirent,
933 1143 1033 1201 tauto
1049 1143 1131 1202 sunt
1148 1129 1243 1200 illico
1265 1151 1327 1228 pa·

270 1269 357 1318 vore
371 1245 568 1334 conterriti,
584 1259 683 1315 tanta
699 1244 983 1342 pusillanimitate
999 1236 1170 1346 percussi,
1189 1259 1229 1316 ut
1245 1269 1328 1344 pro·

271 1359 365 1433 tecto
380 1359 498 1432 verbis
509 1360 581 1431 suis
595 1357 829 1455 tumentibus,
841 1359 1010 1455 jactantia
1026 1361 1101 1432 sola
1113 1375 1221 1458 atque
1234 1384 1329 1433 arro·

271 1478 388 1574 gantia
408 1475 543 1575 plenis,
570 1501 699 1548 eorum
720 1460 809 1548 lacta
828 1476 1029 1548 nullatenus
1050 1475 1326 1574 responderent,

270 1591 333 1664 sed
347 1591 561 1681 mulieribus,
569 1591 767 1663 timidiores
783 1603 818 1664 ct
832 1591 1014 1690 leporibus
1028 1591 1236 1686 sagaciores,
1254 1616 1327 1663 non

270 1705 316 1778 de
343 1729 534 1802 congressu
558 1719 619 1777 aut
648 1705 878 1795 defensione,
909 1705 970 1777 scd
997 1704 1041 1778 de
1066 1705 1140 1777 sola
1165 1704 1245 1801 fuga
1270 1730 1330 1776 co-

270 1825 432 1921 gitarent.
613 1811 621 1820 ’
793 1827 795 1830 ’

602 2056 857 2169 castratura
891 2101 999 2168 xvu.

367 2301 407 2353 De
415 2299 611 2371 expugnatione
623 2299 720 2353 castelli
731 2297 765 2352 de
777 2301 884 2354 l'olone
895 2313 921 2354 et
934 2299 1074 2354 obsidione
1086 2302 1238 2357 Barcinon·

625 2380 659 2432 ab
670 2379 786 2434 exercitu
800 2380 972 2437 Francorum.

319 2558 424 2630 Initio
445 2583 529 2630 cum
552 2561 759 2654 Pyrenaeum
781 2572 967 2655 penetrare
986 2581 1110 2629 versus
1129 2559 1330 2657 Ampurita·

270 2697 372 2765 num,
388 2671 433 2745 ad
445 2697 651 2744 succursum
662 2673 790 2770 reginae
801 2671 965 2766 obsessae,
980 2687 1215 2771 properarent
1223 2671 1328 2763 Galli,

271 2813 337 2860 nec
353 2787 507 2879 castella,
526 2812 640 2887 prope
659 2813 739 2885 quae
758 2787 958 2876 transirent,
978 2811 1180 2886 expugnare
1197 2812 1332 2886 propo-

269 2920 409 2996 nerent,
426 2928 471 2975 ne
487 2903 577 2975 forte
591 2927 718 2975 eorum
732 2902 780 2974 ob
800 2928 879 2974 cam
891 2928 967 2974 rem
979 2900 1171 2975 retardatio
1186 2903 1331 2976 exitium

271 3019 422 3093 obsessis
444 3017 636 3112 attulisset,
661 3019 756 3090 cives
781 3018 946 3118 oppiduli
971 3018 1016 3090 dc
1037 3016 1208 3112 Volone¹‚
1234 3020 1330 3116 quod

271 3149 346 3207 tum
370 3134 471 3236 dives
493 3148 529 3205 et
549 3135 760 3232 opulentum
781 3160 853 3234 prae
871 3134 1004 3206 caeteris
1020 3149 1094 3206 erat
1109 3148 1192 3233 post
1208 3136 1331 3234 Perpi-

270 3252 432 3343 nianum,
452 3252 489 3321 in
507 3251 680 3322 comitatu
698 3251 917 3341 Rossilionis,
935 3275 1018 3323 cum
1035 3276 1147 3350 prope
1164 3275 1226 3322 cos
1241 3277 1331 3323 non-

271 3366 359 3439 nulli
383 3365 570 3439 Gallorum
595 3365 801 3459 transirent,
826 3381 880 3438 tot
903 3391 965 3438 eos
988 3365 1033 3437 de
1058 3365 1129 3436 suis
1152 3365 1332 3438 moenibus
1373 3365 1374 3370 ’

270 3496 376 3580 atque
393 3483 505 3580 portis
522 3480 747 3552 contumeliis
762 3497 798 3553 ct
813 3481 950 3578 injuriis
966 3481 1212 3575 lacessierunt,
1231 3482 1333 3580 quod

270 3620 332 3667 cos
348 3597 478 3668 invitos
495 3596 782 3696 quodamm0d0,
803 3598 928 3696 procul
945 3597 1056 3669 dubio
1070 3599 1107 3669 in
1120 3598 1174 3670 sui
1187 3598 1333 3670 exitium

265 3689 509 3783 ‘concitarunt
535 3717 615 3784 Non
635 3710 792 3784 valentes
812 3714 909 3785 enirn
927 3713 1055 3786 milites
1073 3728 1147 3785 tam
1166 3713 1333 3786 molestas

272 3827 366 3899 ultro
383 3827 627 3919 contumelias,
647 3844 701 3901 tot
718 3829 880 3901 convicia
894 3845 1001 3929 atque
1015 3830 1148 3930 probra
1160 3828 1329 3928 perferre,

271 3941 318 4014 ad
334 3967 396 4014 eos
412 3947 668 4042 expugnandos
682 3946 846 4045 protinus
863 3947 1114 4021 admoverunt.
1132 3946 1240 4034 Quod
1259 3959 1332 4017 tam

270 4057 428 4131 breviter
449 4059 643 4134 cllecerunt
665 4061 767 4157 (licet
782 4077 929 4158 perante
947 4063 1203 4135 munitissimos
1224 4086 1333 4160 repu-

314 4279 341 4333 l.
364 4279 405 4334 Le
419 4273 521 4334 Bolon.
