<?xml version="1.0" encoding="UTF-8"?>
<!DOCTYPE html PUBLIC "-//W3C//DTD XHTML 1.0 Transitional//EN"
    "http://www.w3.org/TR/xhtml1/DTD/xhtml1-transitional.dtd">
<html xmlns="http://www.w3.org/1999/xhtml" xml:lang="en" lang="en">
 <head>
  <title>
</title>
<meta http-equiv="Content-Type" content="text/html;charset=utf-8" />
  <meta name='ocr-system' content='tesseract 3.04.00' />
  <meta name='ocr-capabilities' content='ocr_page ocr_carea ocr_par ocr_line ocrx_word'/>
</head>
<body>
  <div class='ocr_page' id='page_1' title='image "./histoiredesrgne02amelgoog_0477.png"; bbox 0 0 3282 5168; ppageno 0'>
   <div class='ocr_carea' id='block_1_1' title="bbox 372 581 1156 665">
    <p class='ocr_par' dir='ltr' id='par_1_1' title="bbox 372 581 1156 665">
     <span class='ocr_line' id='line_1_1' title="bbox 372 581 1156 665; baseline 0.001 -24"><span class='ocrx_word' id='word_1_1' title='bbox 372 584 429 641; x_wconf 80' lang='lat' dir='ltr'>ere</span> <span class='ocrx_word' id='word_1_2' title='bbox 544 655 547 665; x_wconf 25' lang='grc' dir='ltr'>Ι</span> <span class='ocrx_word' id='word_1_3' title='bbox 641 581 897 644; x_wconf 78' lang='lat' dir='ltr'>msromaauu</span> <span class='ocrx_word' id='word_1_4' title='bbox 917 584 1094 642; x_wconf 79' lang='lat' dir='ltr'>nnuovror</span> <span class='ocrx_word' id='word_1_5' title='bbox 1113 585 1156 642; x_wconf 84' lang='lat' dir='ltr'>ru</span> 
     </span>
    </p>
   </div>
   <div class='ocr_carea' id='block_1_2' title="bbox 339 714 1440 4190">
    <p class='ocr_par' dir='ltr' id='par_1_2' title="bbox 339 714 1440 4190">
     <span class='ocr_line' id='line_1_2' title="bbox 369 714 1427 819; baseline 0.005 -31"><span class='ocrx_word' id='word_1_6' title='bbox 369 715 544 814; x_wconf 78' lang='lat' dir='ltr'>copulatae</span> <span class='ocrx_word' id='word_1_7' title='bbox 560 730 669 815; x_wconf 89' lang='lat' dir='ltr'>atque</span> <span class='ocrx_word' id='word_1_8' title='bbox 682 714 842 808; x_wconf 74' lang='lat' dir='ltr'>firmatae,</span> <span class='ocrx_word' id='word_1_9' title='bbox 857 716 1018 816; x_wconf 84' lang='lat' dir='ltr'>prolecto</span> <span class='ocrx_word' id='word_1_10' title='bbox 1034 716 1117 789; x_wconf 90' lang='lat' dir='ltr'>licet</span> <span class='ocrx_word' id='word_1_11' title='bbox 1132 718 1170 789; x_wconf 93' lang='lat' dir='ltr'>in</span> <span class='ocrx_word' id='word_1_12' title='bbox 1184 719 1305 792; x_wconf 91' lang='lat' dir='ltr'>multis</span> <span class='ocrx_word' id='word_1_13' title='bbox 1322 745 1427 819; x_wconf 81' lang='lat' dir='ltr'>saepe,</span> 
     </span>
     <span class='ocr_line' id='line_1_3' title="bbox 370 833 1431 931; baseline 0.002 -25"><span class='ocrx_word' id='word_1_14' title='bbox 370 849 447 906; x_wconf 89' lang='lat' dir='ltr'>tum</span> <span class='ocrx_word' id='word_1_15' title='bbox 475 835 627 906; x_wconf 82' lang='lat' dir='ltr'><strong>maxime</strong></span> <span class='ocrx_word' id='word_1_16' title='bbox 651 833 1006 931; x_wconf 85' lang='lat' dir='ltr'>verificatumpatuit</span> <span class='ocrx_word' id='word_1_17' title='bbox 1027 861 1035 904; x_wconf 75' lang='grc' dir='ltr'><strong>ε</strong></span> <span class='ocrx_word' id='word_1_18' title='bbox 1060 834 1162 931; x_wconf 91' lang='lat' dir='ltr'>quod</span> <span class='ocrx_word' id='word_1_19' title='bbox 1185 859 1285 907; x_wconf 90' lang='lat' dir='ltr'>sacer</span> <span class='ocrx_word' id='word_1_20' title='bbox 1302 835 1431 908; x_wconf 79' lang='lat' dir='ltr'>cecinit</span> 
     </span>
     <span class='ocr_line' id='line_1_4' title="bbox 369 948 1430 1049; baseline 0.002 -28"><span class='ocrx_word' id='word_1_21' title='bbox 369 951 554 1049; x_wconf 86' lang='lat' dir='ltr'>psalmus:</span> <span class='ocrx_word' id='word_1_22' title='bbox 577 981 594 1016; x_wconf 80' lang='grc' dir='ltr'><strong>α</strong></span> <span class='ocrx_word' id='word_1_23' title='bbox 620 951 736 1023; x_wconf 86' lang='lat' dir='ltr'>Nolite</span> <span class='ocrx_word' id='word_1_24' title='bbox 752 948 935 1021; x_wconf 83' lang='lat' dir='ltr'>confidere</span> <span class='ocrx_word' id='word_1_25' title='bbox 957 950 994 1020; x_wconf 93' lang='lat' dir='ltr'>in</span> <span class='ocrx_word' id='word_1_26' title='bbox 1019 948 1242 1048; x_wconf 90' lang='lat' dir='ltr'>principibus</span> <span class='ocrx_word' id='word_1_27' title='bbox 1258 975 1377 1048; x_wconf 86' lang='lat' dir='ltr'>neque</span> <span class='ocrx_word' id='word_1_28' title='bbox 1392 953 1430 1023; x_wconf 90' lang='lat' dir='ltr'>in</span> 
     </span>
     <span class='ocr_line' id='line_1_5' title="bbox 355 1059 1430 1162; baseline 0 -23"><span class='ocrx_word' id='word_1_29' title='bbox 355 1065 449 1140; x_wconf 86' lang='lat' dir='ltr'>¹filiis</span> <span class='ocrx_word' id='word_1_30' title='bbox 475 1059 686 1159; x_wconf 85' lang='lat' dir='ltr'>hominum,</span> <span class='ocrx_word' id='word_1_31' title='bbox 712 1064 904 1162; x_wconf 89' lang='lat' dir='ltr'>inquibus</span> <span class='ocrx_word' id='word_1_32' title='bbox 937 1089 1012 1137; x_wconf 90' lang='lat' dir='ltr'>uon</span> <span class='ocrx_word' id='word_1_33' title='bbox 1039 1081 1092 1137; x_wconf 92' lang='lat' dir='ltr'>est</span> <span class='ocrx_word' id='word_1_34' title='bbox 1112 1065 1220 1136; x_wconf 89' lang='lat' dir='ltr'>salus.</span> <span class='ocrx_word' id='word_1_35' title='bbox 1255 1096 1273 1132; x_wconf 70' lang='lat'>2&gt;</span> <span class='ocrx_word' id='word_1_36' title='bbox 1304 1065 1430 1139; x_wconf 89' lang='lat' dir='ltr'>Subito</span> 
     </span>
     <span class='ocr_line' id='line_1_6' title="bbox 369 1167 1433 1282; baseline 0.002 -28"><span class='ocrx_word' id='word_1_37' title='bbox 369 1208 522 1282; x_wconf 84' lang='lat' dir='ltr'>nempe,</span> <span class='ocrx_word' id='word_1_38' title='bbox 546 1207 635 1253; x_wconf 61' lang='lat' dir='ltr'>‘oum</span> <span class='ocrx_word' id='word_1_39' title='bbox 661 1196 759 1254; x_wconf 88' lang='lat' dir='ltr'>tanta</span> <span class='ocrx_word' id='word_1_40' title='bbox 785 1183 876 1252; x_wconf 90' lang='lat' dir='ltr'>inter</span> <span class='ocrx_word' id='word_1_41' title='bbox 901 1167 939 1253; x_wconf 82' lang='lat' dir='ltr'>se</span> <span class='ocrx_word' id='word_1_42' title='bbox 963 1180 1156 1273; x_wconf 71' lang='lat' dir='ltr'>charitate,</span> <span class='ocrx_word' id='word_1_43' title='bbox 1181 1181 1433 1256; x_wconf 81' lang='lat' dir='ltr'>benevolentia</span> 
     </span>
     <span class='ocr_line' id='line_1_7' title="bbox 367 1301 1432 1399; baseline 0.001 -25"><span class='ocrx_word' id='word_1_44' title='bbox 367 1316 475 1399; x_wconf 90' lang='lat' dir='ltr'>atque</span> <span class='ocrx_word' id='word_1_45' title='bbox 491 1301 645 1374; x_wconf 88' lang='lat' dir='ltr'>amicitia</span> <span class='ocrx_word' id='word_1_46' title='bbox 662 1302 843 1374; x_wconf 90' lang='lat' dir='ltr'>conciliati</span> <span class='ocrx_word' id='word_1_47' title='bbox 866 1302 1145 1393; x_wconf 81' lang='lat' dir='ltr'>aestimarentur3</span> <span class='ocrx_word' id='word_1_48' title='bbox 1174 1327 1257 1374; x_wconf 92' lang='lat' dir='ltr'>cum</span> <span class='ocrx_word' id='word_1_49' title='bbox 1274 1328 1348 1375; x_wconf 90' lang='lat' dir='ltr'>una</span> <span class='ocrx_word' id='word_1_50' title='bbox 1374 1317 1432 1376; x_wconf 92' lang='lat' dir='ltr'>to·</span> 
     </span>
     <span class='ocr_line' id='line_1_8' title="bbox 367 1417 1433 1515; baseline 0.003 -27"><span class='ocrx_word' id='word_1_51' title='bbox 367 1417 459 1488; x_wconf 92' lang='lat' dir='ltr'>tiens</span> <span class='ocrx_word' id='word_1_52' title='bbox 484 1418 521 1487; x_wconf 91' lang='lat' dir='ltr'>in</span> <span class='ocrx_word' id='word_1_53' title='bbox 549 1419 724 1503; x_wconf 85' lang='lat' dir='ltr'>conviviis</span> <span class='ocrx_word' id='word_1_54' title='bbox 746 1417 1054 1515; x_wconf 86' lang='lat' dir='ltr'>splendidissimis,</span> <span class='ocrx_word' id='word_1_55' title='bbox 1084 1419 1183 1490; x_wconf 91' lang='lat' dir='ltr'>omni</span> <span class='ocrx_word' id='word_1_56' title='bbox 1206 1420 1433 1492; x_wconf 88' lang='lat' dir='ltr'>accuratione</span> 
     </span>
     <span class='ocr_line' id='line_1_9' title="bbox 368 1532 1432 1633; baseline 0.002 -27"><span class='ocrx_word' id='word_1_57' title='bbox 368 1532 476 1630; x_wconf 82' lang='lat' dir='ltr'>atque</span> <span class='ocrx_word' id='word_1_58' title='bbox 493 1535 591 1632; x_wconf 87' lang='lat' dir='ltr'>regio</span> <span class='ocrx_word' id='word_1_59' title='bbox 609 1534 693 1606; x_wconf 83' lang='lat' dir='ltr'>luxu</span> <span class='ocrx_word' id='word_1_60' title='bbox 712 1533 904 1632; x_wconf 84' lang='lat' dir='ltr'>adparatis,</span> <span class='ocrx_word' id='word_1_61' title='bbox 931 1534 1083 1606; x_wconf 88' lang='lat' dir='ltr'>comiter</span> <span class='ocrx_word' id='word_1_62' title='bbox 1107 1547 1142 1606; x_wconf 94' lang='lat' dir='ltr'>et</span> <span class='ocrx_word' id='word_1_63' title='bbox 1162 1535 1277 1606; x_wconf 88' lang='lat' dir='ltr'>amice</span> <span class='ocrx_word' id='word_1_64' title='bbox 1296 1535 1432 1633; x_wconf 87' lang='lat' dir='ltr'>epulati</span> 
     </span>
     <span class='ocr_line' id='line_1_10' title="bbox 339 1648 1433 1748; baseline 0.001 -27"><span class='ocrx_word' id='word_1_65' title='bbox 339 1648 533 1743; x_wconf 80' lang='lat' dir='ltr'>&#39;luissent3</span> <span class='ocrx_word' id='word_1_66' title='bbox 552 1675 636 1723; x_wconf 89' lang='lat' dir='ltr'>cum</span> <span class='ocrx_word' id='word_1_67' title='bbox 657 1651 803 1743; x_wconf 89' lang='lat' dir='ltr'>omnia,</span> <span class='ocrx_word' id='word_1_68' title='bbox 835 1664 875 1721; x_wconf 93' lang='lat' dir='ltr'>ut</span> <span class='ocrx_word' id='word_1_69' title='bbox 900 1649 1038 1721; x_wconf 92' lang='lat' dir='ltr'>dictum</span> <span class='ocrx_word' id='word_1_70' title='bbox 1064 1665 1137 1744; x_wconf 91' lang='lat' dir='ltr'>est,</span> <span class='ocrx_word' id='word_1_71' title='bbox 1163 1675 1243 1748; x_wconf 83' lang='lat' dir='ltr'>quae</span> <span class='ocrx_word' id='word_1_72' title='bbox 1268 1649 1314 1722; x_wconf 90' lang='lat' dir='ltr'>ad</span> <span class='ocrx_word' id='word_1_73' title='bbox 1344 1652 1433 1723; x_wconf 88' lang='lat' dir='ltr'>tanti</span> 
     </span>
     <span class='ocr_line' id='line_1_11' title="bbox 370 1765 1434 1865; baseline 0.003 -29"><span class='ocrx_word' id='word_1_74' title='bbox 370 1765 670 1864; x_wconf 85' lang='lat' dir='ltr'>magnificentiam</span> <span class='ocrx_word' id='word_1_75' title='bbox 687 1765 919 1864; x_wconf 77' lang='lat' dir='ltr'>exigebantur</span> <span class='ocrx_word' id='word_1_76' title='bbox 934 1765 1099 1853; x_wconf 90' lang='lat' dir='ltr'>honoris,</span> <span class='ocrx_word' id='word_1_77' title='bbox 1122 1767 1268 1865; x_wconf 82' lang='lat' dir='ltr'>quaesita</span> <span class='ocrx_word' id='word_1_78' title='bbox 1284 1781 1434 1839; x_wconf 89' lang='lat' dir='ltr'>etcom-</span> 
     </span>
     <span class='ocr_line' id='line_1_12' title="bbox 369 1883 1434 1983; baseline 0.001 -28"><span class='ocrx_word' id='word_1_79' title='bbox 369 1900 492 1983; x_wconf 89' lang='lat' dir='ltr'>parata</span> <span class='ocrx_word' id='word_1_80' title='bbox 511 1899 640 1976; x_wconf 87' lang='lat' dir='ltr'>essent,</span> <span class='ocrx_word' id='word_1_81' title='bbox 660 1885 773 1957; x_wconf 82' lang='lat' dir='ltr'>itaut</span> <span class='ocrx_word' id='word_1_82' title='bbox 792 1883 851 1955; x_wconf 91' lang='lat' dir='ltr'>die</span> <span class='ocrx_word' id='word_1_83' title='bbox 870 1885 975 1955; x_wconf 90' lang='lat' dir='ltr'>tertio</span> <span class='ocrx_word' id='word_1_84' title='bbox 993 1883 1180 1955; x_wconf 79' lang='lat' dir='ltr'>celebritas</span> <span class='ocrx_word' id='word_1_85' title='bbox 1197 1883 1289 1955; x_wconf 92' lang='lat' dir='ltr'>illius</span> <span class='ocrx_word' id='word_1_86' title='bbox 1306 1885 1434 1981; x_wconf 90' lang='lat' dir='ltr'>regalis</span> 
     </span>
     <span class='ocr_line' id='line_1_13' title="bbox 370 1996 1433 2098; baseline 0.003 -30"><span class='ocrx_word' id='word_1_87' title='bbox 370 1996 509 2094; x_wconf 83' lang='lat' dir='ltr'>fastigii,</span> <span class='ocrx_word' id='word_1_88' title='bbox 527 2015 565 2071; x_wconf 87' lang='lat' dir='ltr'>et</span> <span class='ocrx_word' id='word_1_89' title='bbox 578 1999 763 2098; x_wconf 89' lang='lat' dir='ltr'>provectio</span> <span class='ocrx_word' id='word_1_90' title='bbox 780 1999 865 2070; x_wconf 91' lang='lat' dir='ltr'>novi</span> <span class='ocrx_word' id='word_1_91' title='bbox 883 1999 974 2096; x_wconf 90' lang='lat' dir='ltr'>regis</span> <span class='ocrx_word' id='word_1_92' title='bbox 1000 1999 1158 2096; x_wconf 90' lang='lat' dir='ltr'>novique</span> <span class='ocrx_word' id='word_1_93' title='bbox 1181 1999 1314 2071; x_wconf 89' lang='lat' dir='ltr'>erectio</span> <span class='ocrx_word' id='word_1_94' title='bbox 1334 2001 1433 2097; x_wconf 88' lang='lat' dir='ltr'>regni</span> 
     </span>
     <span class='ocr_line' id='line_1_14' title="bbox 372 2113 1433 2211; baseline 0.002 -26"><span class='ocrx_word' id='word_1_95' title='bbox 372 2113 429 2206; x_wconf 84' lang='lat' dir='ltr'>vel</span> <span class='ocrx_word' id='word_1_96' title='bbox 447 2115 578 2186; x_wconf 85' lang='lat' dir='ltr'>veteris</span> <span class='ocrx_word' id='word_1_97' title='bbox 589 2169 605 2205; x_wconf 72' lang='lat'>,‚</span> <span class='ocrx_word' id='word_1_98' title='bbox 629 2115 702 2211; x_wconf 87' lang='lat' dir='ltr'>jam</span> <span class='ocrx_word' id='word_1_99' title='bbox 727 2140 747 2186; x_wconf 93' lang='lat' dir='ltr'>e</span> <span class='ocrx_word' id='word_1_100' title='bbox 773 2129 946 2186; x_wconf 87' lang='lat' dir='ltr'>vetustate</span> <span class='ocrx_word' id='word_1_101' title='bbox 963 2113 1129 2204; x_wconf 90' lang='lat' dir='ltr'>obsoleti,</span> <span class='ocrx_word' id='word_1_102' title='bbox 1152 2115 1363 2208; x_wconf 90' lang='lat' dir='ltr'>instauratio</span> <span class='ocrx_word' id='word_1_103' title='bbox 1380 2129 1433 2187; x_wconf 89' lang='lat' dir='ltr'>at-</span> 
     </span>
     <span class='ocr_line' id='line_1_15' title="bbox 371 2231 1434 2331; baseline 0.001 -28"><span class='ocrx_word' id='word_1_104' title='bbox 371 2257 441 2331; x_wconf 90' lang='lat' dir='ltr'>que</span> <span class='ocrx_word' id='word_1_105' title='bbox 464 2232 650 2305; x_wconf 85' lang='lat' dir='ltr'>innovatio</span> <span class='ocrx_word' id='word_1_106' title='bbox 667 2231 712 2304; x_wconf 86' lang='lat' dir='ltr'>ab</span> <span class='ocrx_word' id='word_1_107' title='bbox 729 2232 899 2304; x_wconf 92' lang='lat' dir='ltr'>omnibus</span> <span class='ocrx_word' id='word_1_108' title='bbox 916 2257 998 2304; x_wconf 92' lang='lat' dir='ltr'>cum</span> <span class='ocrx_word' id='word_1_109' title='bbox 1016 2255 1145 2329; x_wconf 91' lang='lat' dir='ltr'>magna</span> <span class='ocrx_word' id='word_1_110' title='bbox 1162 2232 1359 2304; x_wconf 88' lang='lat' dir='ltr'>attentione</span> <span class='ocrx_word' id='word_1_111' title='bbox 1376 2256 1434 2304; x_wconf 84' lang='lat' dir='ltr'>ex·</span> 
     </span>
     <span class='ocr_line' id='line_1_16' title="bbox 372 2346 1435 2448; baseline 0.002 -27"><span class='ocrx_word' id='word_1_112' title='bbox 372 2362 619 2448; x_wconf 87' lang='lat' dir='ltr'>spectarentur</span> <span class='ocrx_word' id='word_1_113' title='bbox 647 2377 654 2419; x_wconf 93' lang='lat'><strong>:</strong></span> <span class='ocrx_word' id='word_1_114' title='bbox 686 2351 808 2422; x_wconf 92' lang='lat' dir='ltr'>nescio</span> <span class='ocrx_word' id='word_1_115' title='bbox 842 2375 929 2448; x_wconf 88' lang='lat' dir='ltr'>qua,</span> <span class='ocrx_word' id='word_1_116' title='bbox 960 2375 1024 2422; x_wconf 91' lang='lat' dir='ltr'>seu</span> <span class='ocrx_word' id='word_1_117' title='bbox 1048 2346 1250 2440; x_wconf 83' lang='lat' dir='ltr'>simultate,</span> <span class='ocrx_word' id='word_1_118' title='bbox 1279 2375 1361 2442; x_wconf 85' lang='lat' dir='ltr'>seu,</span> <span class='ocrx_word' id='word_1_119' title='bbox 1395 2366 1435 2423; x_wconf 94' lang='lat' dir='ltr'>ut</span> 
     </span>
     <span class='ocr_line' id='line_1_17' title="bbox 373 2463 1435 2564; baseline 0.002 -28"><span class='ocrx_word' id='word_1_120' title='bbox 373 2466 490 2537; x_wconf 90' lang='lat' dir='ltr'>verius</span> <span class='ocrx_word' id='word_1_121' title='bbox 507 2464 675 2555; x_wconf 90' lang='lat' dir='ltr'>arbitror,</span> <span class='ocrx_word' id='word_1_122' title='bbox 690 2463 887 2537; x_wconf 85' lang='lat' dir='ltr'>diffidentia</span> <span class='ocrx_word' id='word_1_123' title='bbox 905 2466 959 2537; x_wconf 92' lang='lat' dir='ltr'>vel</span> <span class='ocrx_word' id='word_1_124' title='bbox 974 2465 1116 2538; x_wconf 89' lang='lat' dir='ltr'>sinistra</span> <span class='ocrx_word' id='word_1_125' title='bbox 1131 2464 1335 2564; x_wconf 91' lang='lat' dir='ltr'>suspicione</span> <span class='ocrx_word' id='word_1_126' title='bbox 1352 2465 1435 2538; x_wconf 88' lang='lat' dir='ltr'>sub·</span> 
     </span>
     <span class='ocr_line' id='line_1_18' title="bbox 375 2567 1435 2680; baseline 0.003 -26"><span class='ocrx_word' id='word_1_127' title='bbox 375 2583 478 2674; x_wconf 87' lang='lat' dir='ltr'>ortis,</span> <span class='ocrx_word' id='word_1_128' title='bbox 508 2582 705 2680; x_wconf 89' lang='lat' dir='ltr'>imperator</span> <span class='ocrx_word' id='word_1_129' title='bbox 720 2567 908 2680; x_wconf 89' lang='lat' dir='ltr'>insperate</span> <span class='ocrx_word' id='word_1_130' title='bbox 918 2636 927 2673; x_wconf 97' lang='lat'>,</span> <span class='ocrx_word' id='word_1_131' title='bbox 956 2595 993 2653; x_wconf 91' lang='lat' dir='ltr'>et</span> <span class='ocrx_word' id='word_1_132' title='bbox 1025 2581 1105 2680; x_wconf 90' lang='lat' dir='ltr'>ipso</span> <span class='ocrx_word' id='word_1_133' title='bbox 1135 2580 1435 2678; x_wconf 84' lang='lat' dir='ltr'>Burgundionum</span> 
     </span>
     <span class='ocr_line' id='line_1_19' title="bbox 373 2687 1434 2795; baseline 0.002 -28"><span class='ocrx_word' id='word_1_134' title='bbox 373 2695 466 2768; x_wconf 90' lang='lat' dir='ltr'>duce</span> <span class='ocrx_word' id='word_1_135' title='bbox 483 2721 630 2795; x_wconf 90' lang='lat' dir='ltr'>prorsus</span> <span class='ocrx_word' id='word_1_136' title='bbox 646 2697 788 2788; x_wconf 88' lang='lat' dir='ltr'>nesci0,</span> <span class='ocrx_word' id='word_1_137' title='bbox 818 2722 960 2769; x_wconf 90' lang='lat' dir='ltr'>summo</span> <span class='ocrx_word' id='word_1_138' title='bbox 983 2687 1089 2772; x_wconf 86' lang='lat' dir='ltr'>mane</span> <span class='ocrx_word' id='word_1_139' title='bbox 1107 2720 1237 2768; x_wconf 90' lang='lat' dir='ltr'>navem</span> <span class='ocrx_word' id='word_1_140' title='bbox 1256 2721 1434 2769; x_wconf 89' lang='lat' dir='ltr'>conscen-</span> 
     </span>
     <span class='ocr_line' id='line_1_20' title="bbox 375 2812 1436 2912; baseline 0.003 -27"><span class='ocrx_word' id='word_1_141' title='bbox 375 2813 477 2903; x_wconf 91' lang='lat' dir='ltr'>dens,</span> <span class='ocrx_word' id='word_1_142' title='bbox 493 2813 705 2885; x_wconf 90' lang='lat' dir='ltr'>descensum</span> <span class='ocrx_word' id='word_1_143' title='bbox 717 2814 763 2884; x_wconf 92' lang='lat' dir='ltr'>ad</span> <span class='ocrx_word' id='word_1_144' title='bbox 779 2812 943 2884; x_wconf 85' lang='lat' dir='ltr'>Rhenum</span> <span class='ocrx_word' id='word_1_145' title='bbox 956 2838 1021 2912; x_wconf 89' lang='lat' dir='ltr'>per</span> <span class='ocrx_word' id='word_1_146' title='bbox 1034 2813 1168 2886; x_wconf 89' lang='lat' dir='ltr'>flumen</span> <span class='ocrx_word' id='word_1_147' title='bbox 1184 2813 1337 2888; x_wconf 84' lang='lat' dir='ltr'>Mosellae</span> <span class='ocrx_word' id='word_1_148' title='bbox 1352 2817 1436 2888; x_wconf 90' lang='lat' dir='ltr'>arri·</span> 
     </span>
     <span class='ocr_line' id='line_1_21' title="bbox 376 2929 1433 3029; baseline 0.005 -30"><span class='ocrx_word' id='word_1_149' title='bbox 376 2929 483 3028; x_wconf 83' lang='lat' dir='ltr'>puit¹.</span> <span class='ocrx_word' id='word_1_150' title='bbox 503 2934 546 3001; x_wconf 88' lang='lat' dir='ltr'>Et</span> <span class='ocrx_word' id='word_1_151' title='bbox 563 2931 609 3002; x_wconf 90' lang='lat' dir='ltr'>ita</span> <span class='ocrx_word' id='word_1_152' title='bbox 628 2930 739 3029; x_wconf 91' lang='lat' dir='ltr'>ipsius</span> <span class='ocrx_word' id='word_1_153' title='bbox 755 2930 856 3002; x_wconf 87' lang='lat' dir='ltr'>ducis</span> <span class='ocrx_word' id='word_1_154' title='bbox 871 2929 1168 3025; x_wconf 83' lang='lat' dir='ltr'>Burgundionum</span> <span class='ocrx_word' id='word_1_155' title='bbox 1185 2931 1433 3029; x_wconf 89' lang='lat' dir='ltr'>omniumque,</span> 
     </span>
     <span class='ocr_line' id='line_1_22' title="bbox 376 3043 1434 3145; baseline 0.003 -29"><span class='ocrx_word' id='word_1_156' title='bbox 376 3045 438 3143; x_wconf 93' lang='lat' dir='ltr'>qui</span> <span class='ocrx_word' id='word_1_157' title='bbox 449 3070 533 3116; x_wconf 91' lang='lat' dir='ltr'>eum</span> <span class='ocrx_word' id='word_1_158' title='bbox 546 3046 582 3116; x_wconf 92' lang='lat' dir='ltr'>in</span> <span class='ocrx_word' id='word_1_159' title='bbox 600 3071 719 3142; x_wconf 90' lang='lat' dir='ltr'>regem</span> <span class='ocrx_word' id='word_1_160' title='bbox 731 3045 997 3118; x_wconf 89' lang='lat' dir='ltr'>sublimandum</span> <span class='ocrx_word' id='word_1_161' title='bbox 1012 3043 1251 3137; x_wconf 87' lang='lat' dir='ltr'>crediderant,</span> <span class='ocrx_word' id='word_1_162' title='bbox 1268 3047 1379 3145; x_wconf 81' lang='lat' dir='ltr'>spesi</span> <span class='ocrx_word' id='word_1_163' title='bbox 1418 3089 1434 3104; x_wconf 95' lang='lat'>·</span> 
     </span>
     <span class='ocr_line' id='line_1_23' title="bbox 377 3161 1431 3260; baseline 0.001 -28"><span class='ocrx_word' id='word_1_164' title='bbox 377 3175 485 3233; x_wconf 88' lang='lat' dir='ltr'>strata</span> <span class='ocrx_word' id='word_1_165' title='bbox 509 3175 545 3233; x_wconf 91' lang='lat' dir='ltr'>et</span> <span class='ocrx_word' id='word_1_166' title='bbox 571 3175 719 3233; x_wconf 90' lang='lat' dir='ltr'>vacuata</span> <span class='ocrx_word' id='word_1_167' title='bbox 739 3177 847 3259; x_wconf 90' lang='lat' dir='ltr'>atque</span> <span class='ocrx_word' id='word_1_168' title='bbox 874 3163 911 3233; x_wconf 90' lang='lat' dir='ltr'>in</span> <span class='ocrx_word' id='word_1_169' title='bbox 938 3176 1123 3234; x_wconf 85' lang='lat' dir='ltr'>momento</span> <span class='ocrx_word' id='word_1_170' title='bbox 1151 3161 1334 3260; x_wconf 74' lang='lat' dir='ltr'>ersulllata</span> <span class='ocrx_word' id='word_1_171' title='bbox 1368 3178 1431 3236; x_wconf 89' lang='lat' dir='ltr'>cst.</span> 
     </span>
     <span class='ocr_line' id='line_1_24' title="bbox 426 3263 1436 3363; baseline 0.006 -16"><span class='ocrx_word' id='word_1_172' title='bbox 426 3282 577 3350; x_wconf 90' lang='lat' dir='ltr'>Eramus</span> <span class='ocrx_word' id='word_1_173' title='bbox 604 3291 691 3350; x_wconf 90' lang='lat' dir='ltr'>tunc</span> <span class='ocrx_word' id='word_1_174' title='bbox 719 3277 922 3351; x_wconf 88' lang='lat' dir='ltr'>incivitate</span> <span class='ocrx_word' id='word_1_175' title='bbox 950 3278 1170 3363; x_wconf 79' lang='lat' dir='ltr'>Trevemnsi,</span> <span class='ocrx_word' id='word_1_176' title='bbox 1191 3263 1323 3351; x_wconf 91' lang='lat' dir='ltr'>nullius</span> <span class='ocrx_word' id='word_1_177' title='bbox 1348 3294 1436 3354; x_wconf 93' lang='lat' dir='ltr'>tuuc</span> 
     </span>
     <span class='ocr_line' id='line_1_25' title="bbox 378 3394 1437 3493; baseline 0.007 -30"><span class='ocrx_word' id='word_1_178' title='bbox 378 3394 581 3492; x_wconf 90' lang='lat' dir='ltr'>principum</span> <span class='ocrx_word' id='word_1_179' title='bbox 613 3395 825 3465; x_wconf 87' lang='lat' dir='ltr'>comitatum</span> <span class='ocrx_word' id='word_1_180' title='bbox 852 3397 986 3485; x_wconf 90' lang='lat' dir='ltr'>secuti,</span> <span class='ocrx_word' id='word_1_181' title='bbox 1024 3419 1090 3468; x_wconf 89' lang='lat' dir='ltr'>nec</span> <span class='ocrx_word' id='word_1_182' title='bbox 1113 3395 1282 3493; x_wconf 90' lang='lat' dir='ltr'>cuiquam</span> <span class='ocrx_word' id='word_1_183' title='bbox 1309 3420 1437 3470; x_wconf 92' lang='lat' dir='ltr'>eorum</span> 
     </span>
     <span class='ocr_line' id='line_1_26' title="bbox 375 3508 1438 3606; baseline 0.005 -26"><span class='ocrx_word' id='word_1_184' title='bbox 375 3508 608 3584; x_wconf 89' lang='lat' dir='ltr'>inservientes</span> <span class='ocrx_word' id='word_1_185' title='bbox 624 3525 685 3582; x_wconf 85' lang='lat' dir='ltr'>aut</span> <span class='ocrx_word' id='word_1_186' title='bbox 701 3512 833 3583; x_wconf 88' lang='lat' dir='ltr'>servire</span> <span class='ocrx_word' id='word_1_187' title='bbox 850 3511 1077 3604; x_wconf 78' lang='lat' dir='ltr'>affectantes3</span> <span class='ocrx_word' id='word_1_188' title='bbox 1096 3511 1157 3584; x_wconf 89' lang='lat' dir='ltr'>sed</span> <span class='ocrx_word' id='word_1_189' title='bbox 1171 3537 1238 3584; x_wconf 91' lang='lat' dir='ltr'>uec</span> <span class='ocrx_word' id='word_1_190' title='bbox 1250 3526 1350 3606; x_wconf 88' lang='lat' dir='ltr'>tunc,</span> <span class='ocrx_word' id='word_1_191' title='bbox 1370 3537 1438 3585; x_wconf 91' lang='lat' dir='ltr'>nec</span> 
     </span>
     <span class='ocr_line' id='line_1_27' title="bbox 378 3626 1438 3726; baseline 0.003 -28"><span class='ocrx_word' id='word_1_192' title='bbox 378 3626 625 3726; x_wconf 88' lang='lat' dir='ltr'>postmodnm,</span> <span class='ocrx_word' id='word_1_193' title='bbox 652 3628 734 3700; x_wconf 88' lang='lat' dir='ltr'>licet</span> <span class='ocrx_word' id='word_1_194' title='bbox 747 3632 829 3701; x_wconf 89' lang='lat' dir='ltr'>satis</span> <span class='ocrx_word' id='word_1_195' title='bbox 849 3627 999 3702; x_wconf 91' lang='lat' dir='ltr'>sollicite</span> <span class='ocrx_word' id='word_1_196' title='bbox 1016 3629 1062 3700; x_wconf 90' lang='lat' dir='ltr'>de</span> <span class='ocrx_word' id='word_1_197' title='bbox 1082 3653 1188 3702; x_wconf 87' lang='lat' dir='ltr'>causa</span> <span class='ocrx_word' id='word_1_198' title='bbox 1204 3628 1297 3702; x_wconf 93' lang='lat' dir='ltr'>illius</span> <span class='ocrx_word' id='word_1_199' title='bbox 1314 3628 1438 3702; x_wconf 85' lang='lat' dir='ltr'>subitae</span> 
     </span>
     <span class='ocr_line' id='line_1_28' title="bbox 378 3742 1436 3844; baseline 0.006 -31"><span class='ocrx_word' id='word_1_200' title='bbox 378 3742 601 3817; x_wconf 88' lang='lat' dir='ltr'>discessionis</span> <span class='ocrx_word' id='word_1_201' title='bbox 618 3746 925 3844; x_wconf 90' lang='lat' dir='ltr'>perquisierimus,</span> <span class='ocrx_word' id='word_1_202' title='bbox 946 3745 992 3818; x_wconf 87' lang='lat' dir='ltr'>ad</span> <span class='ocrx_word' id='word_1_203' title='bbox 1007 3771 1131 3818; x_wconf 91' lang='lat' dir='ltr'>verum</span> <span class='ocrx_word' id='word_1_204' title='bbox 1148 3760 1184 3818; x_wconf 86' lang='lat' dir='ltr'>et</span> <span class='ocrx_word' id='word_1_205' title='bbox 1200 3760 1337 3819; x_wconf 91' lang='lat' dir='ltr'>certum</span> <span class='ocrx_word' id='word_1_206' title='bbox 1356 3770 1436 3819; x_wconf 91' lang='lat' dir='ltr'>eam</span> 
     </span>
     <span class='ocr_line' id='line_1_29' title="bbox 377 3863 737 3960; baseline 0 -28"><span class='ocrx_word' id='word_1_207' title='bbox 377 3886 525 3933; x_wconf 91' lang='lat' dir='ltr'>noscere</span> <span class='ocrx_word' id='word_1_208' title='bbox 542 3863 737 3960; x_wconf 91' lang='lat' dir='ltr'>potuimus.</span> 
     </span>
     <span class='ocr_line' id='line_1_30' title="bbox 386 3979 1440 4080; baseline 0 -28"><span class='ocrx_word' id='word_1_209' title='bbox 386 3999 388 4006; x_wconf 79' lang='grc'>’</span> <span class='ocrx_word' id='word_1_210' title='bbox 426 3982 517 4052; x_wconf 93' lang='lat' dir='ltr'>Cum</span> <span class='ocrx_word' id='word_1_211' title='bbox 531 4004 619 4054; x_wconf 90' lang='lat' dir='ltr'>vero</span> <span class='ocrx_word' id='word_1_212' title='bbox 633 3980 679 4052; x_wconf 90' lang='lat' dir='ltr'>de</span> <span class='ocrx_word' id='word_1_213' title='bbox 693 3980 788 4052; x_wconf 91' lang='lat' dir='ltr'>dicto</span> <span class='ocrx_word' id='word_1_214' title='bbox 802 3979 1027 4078; x_wconf 89' lang='lat' dir='ltr'>imperatoris</span> <span class='ocrx_word' id='word_1_215' title='bbox 1038 3979 1209 4070; x_wconf 88' lang='lat' dir='ltr'>discessu,</span> <span class='ocrx_word' id='word_1_216' title='bbox 1225 3981 1344 4052; x_wconf 87' lang='lat' dir='ltr'>statim</span> <span class='ocrx_word' id='word_1_217' title='bbox 1357 3995 1440 4080; x_wconf 93' lang='lat' dir='ltr'>post</span> 
     </span>
     <span class='ocr_line' id='line_1_31' title="bbox 377 4095 1437 4190; baseline 0.002 -22"><span class='ocrx_word' id='word_1_218' title='bbox 377 4095 656 4190; x_wconf 85' lang='lat' dir='ltr'>dieiexortum‚</span> <span class='ocrx_word' id='word_1_219' title='bbox 691 4121 712 4170; x_wconf 90' lang='lat' dir='ltr'>a</span> <span class='ocrx_word' id='word_1_220' title='bbox 739 4096 924 4169; x_wconf 91' lang='lat' dir='ltr'>nonnullis</span> <span class='ocrx_word' id='word_1_221' title='bbox 949 4095 1045 4168; x_wconf 90' lang='lat' dir='ltr'>idem</span> <span class='ocrx_word' id='word_1_222' title='bbox 1068 4096 1143 4168; x_wconf 82' lang='lat' dir='ltr'>dux</span> <span class='ocrx_word' id='word_1_223' title='bbox 1166 4097 1297 4169; x_wconf 90' lang='lat' dir='ltr'>certior</span> <span class='ocrx_word' id='word_1_224' title='bbox 1324 4097 1437 4170; x_wconf 86' lang='lat' dir='ltr'>factus</span> 
     </span>
    </p>
   </div>
   <div class='ocr_carea' id='block_1_3' title="bbox 418 4332 839 4398">
    <p class='ocr_par' dir='ltr' id='par_1_3' title="bbox 418 4332 839 4398">
     <span class='ocr_line' id='line_1_32' title="bbox 418 4332 839 4398; baseline 0.002 -8"><span class='ocrx_word' id='word_1_225' title='bbox 418 4337 446 4390; x_wconf 88' lang='lat' dir='ltr'>l.</span> <span class='ocrx_word' id='word_1_226' title='bbox 469 4337 509 4392; x_wconf 80' lang='lat' dir='ltr'>le</span> <span class='ocrx_word' id='word_1_227' title='bbox 524 4336 561 4391; x_wconf 77' lang='lat' dir='ltr'>at</span> <span class='ocrx_word' id='word_1_228' title='bbox 576 4332 736 4393; x_wconf 81' lang='lat' dir='ltr'>novembre</span> <span class='ocrx_word' id='word_1_229' title='bbox 750 4337 839 4398; x_wconf 80' lang='lat' dir='ltr'>ttva.</span> 
     </span>
    </p>
   </div>
   <div class='ocr_carea' id='block_1_4' title="bbox 0 0 1659 5168">
    <p class='ocr_par' dir='ltr' id='par_1_4' title="bbox 0 0 1659 5168">
     <span class='ocr_line' id='line_1_33' title="bbox 0 0 1659 5168; baseline 0 0"><span class='ocrx_word' id='word_1_230' title='bbox 0 0 1659 5168; x_wconf 95' lang='lat' dir='ltr'> </span> 
     </span>
    </p>
   </div>
  </div>
 </body>
</html>
