3272 5182
372 527 430 584 ¹18
647 527 898 586 fflsTontAntJtt
922 523 1098 583 LUDOVlCl
1118 525 1175 610 Xl'

702 935 851 1016 LIBER
886 935 1113 1016 TERTIUS.

629 1457 923 1528 CAPITULUM
964 1458 1174 1528 PRIMUM.

377 1665 416 1716 Dc
437 1665 550 1736 appulsu
563 1663 665 1718 comitis
681 1662 715 1717 de
727 1663 854 1728 Warviclr,
868 1661 902 1716 de
915 1661 1008 1734 Anglia
1022 1661 1136 1734 fugitivi,
1151 1659 1185 1716 ad
1201 1661 1292 1716 littora
1307 1663 1444 1716 Normun·

412 1745 472 1810 niae,
488 1764 549 1799 cum
566 1744 782 1817 praedaplurime
795 1742 829 1796 de
847 1743 960 1796 navibus
971 1757 997 1795 et
1011 1743 1091 1796 bouis
1105 1742 1273 1796 subditorum
1284 1741 1359 1797 ducis
1371 1743 1445 1797 Bur-

412 1826 530 1898 gundic3
544 1840 570 1881 et
585 1845 645 1881 cum
654 1839 754 1898 quanto
766 1826 854 1880 lavore
867 1843 882 1878 u
894 1843 955 1895 rege
967 1825 1132 1877 Francorum
1145 1837 1268 1896 exceptus
1282 1824 1341 1879 suit.

428 2009 530 2077 Anno
543 2005 649 2100 igitur
662 2029 744 2094 cxx,
761 2004 919 2103 perfidus
931 2004 989 2076 ille
1004 2020 1110 2103 atque
1122 2005 1312 2077 sceleratus
1322 2027 1445 2076 comes

378 2122 424 2195 de
445 2121 630 2211 Wcieiclz,
653 2123 733 2217 qui,
760 2136 799 2193 ut
824 2147 930 2220 supra
950 2122 1033 2194 satis
1051 2148 1071 2196 a
1087 2121 1193 2193 nobis
1211 2121 1341 2193 exstitit
1355 2119 1445 2194 rela-

379 2254 473 2326 tum,
501 2237 583 2309 odia
605 2253 640 2309 et
663 2237 858 2310 simultates
879 2237 1067 2311 adversum
1092 2237 1298 2310 Edoardum
1322 2261 1444 2334 regem

380 2353 532 2450 tegebat,
550 2353 703 2426 maxime
720 2352 768 2426 ob
785 2353 821 2424 id
839 2354 951 2452 quod,
972 2369 1093 2452 spreto
1108 2378 1189 2450 rege
1206 2358 1440 2441 Francorum,

381 2497 463 2544 cum
477 2497 551 2570 quo
562 2471 729 2544 eumdem
743 2471 947 2544 Eduardum
963 2469 1135 2543 amicitias
1152 2469 1321 2568 copulare
1337 2493 1446 2569 exop-

381 2600 484 2680 taret,
505 2586 621 2660 soedus
637 2588 712 2685 ipse
730 2611 813 2658 cum
831 2585 922 2658 duce
942 2586 1237 2683 Burgundionum
1255 2584 1446 2683 percussis·

382 2717 434 2776 set
466 2703 723 2800 allinitatesque
754 2717 789 2774 et
820 2701 994 2774 amicitias
1022 2701 1263 2791 conciliasset,
1299 2699 1446 2772 tandem

382 2843 465 2892 curn
482 2820 830 2915 eorum¹Anglorum
848 2841 929 2912 rege
944 2818 979 2887 in
995 2800 1153 2914 apertam
1171 2830 1206 2888 et
1221 2815 1446 2888 manifestam

382 2931 639 3006 dissensionem
658 2931 789 3031 erupit,
807 2932 1067 3028 insurrenltque
1081 2946 1206 3004 contra
1221 2956 1318 3024 eum,
1331 2955 1446 3030 popu·

383 3049 510 3121 larium
538 3047 765 3120 multitudine
792 3047 954 3119 collecta.
987 3047 1053 3118 Cui
1082 3072 1163 3136 rex,
1195 3050 1313 3118 stetim
1342 3060 1382 3118 ut
1406 3044 1471 3118 id‘

383 3165 541 3262 agnovit,
560 3189 642 3237 cum
659 3163 823 3262 expedita
841 3163 984 3235 militari
999 3187 1110 3235 manu
1126 3161 1254 3235 obvius
1270 3143 1443 3256 occurrit,

384 3305 457 3352 non
480 3283 688 3380 permittens
713 3278 852 3374 longius
874 3280 965 3351 vires
986 3278 1053 3351 sibi
1076 3304 1277 3352 accrescere
1298 3303 1361 3350 seu
1384 3275 1448 3350 ob·

385 3413 503 3470 ortum
520 3413 554 3469 et
566 3402 746 3494 inceptum
761 3397 866 3468 latius
881 3399 1064 3496 pervagari
1077 3397 1302 3492 incendium;
1316 3398 1449 3494 acujus

384 3528 577 3611 conspectu
592 3529 627 3585 et
641 3538 791 3585 occursu
809 3514 944 3610 fugiens
959 3515 1019 3586 illc
1036 3515 1209 3615 perfidus,
1226 3541 1310 3587 cum
1323 3514 1448 3612 viginti

384 3644 444 3701 aut
463 3619 605 3724 triginta
622 3630 794 3721 itavibus,
819 3655 908 3728 quus
925 3632 1113 3704 instructas
1134 3629 1306 3724 habebat,
1325 3655 1346 3702 c
1369 3643 1447 3702 toto

384 3770 495 3842 regno
514 3745 683 3820 excedere
700 3761 753 3817 est
771 3746 1007 3844 compulsus¹.

433 3863 589 3935 Veniens
615 3864 736 3960 itaque
764 3862 930 3961 fugitivus
958 3876 994 3936 et
1022 3863 1143 3954 exsul,
1174 3861 1237 3936 sed
1268 3886 1343 3934 non
1372 3862 1448 3934 sinc

386 3979 509 4052 aerario
535 3993 570 4052 et
600 3979 755 4077 plurima
792 3979 1010 4078 supellectile
1034 3980 1206 4079 pretiosa,
1234 3976 1372 4077 appulit
1402 3974 1447 4047 ad

428 4191 455 4243 l.
479 4186 561 4246 Lisez
575 4186 667 4266 plutdt
681 4188 788 4248 eodem.

428 4277 457 4337 ἓ.
483 4280 526 4335 Au
543 4277 615 4336 mois
632 4275 669 4336 de
686 4277 743 4358 mai
759 4279 848 4335 ttto.
