3272 5182
589 555 698 610 LIBER
725 555 888 612 TERTIUS.

574 905 827 980 CAPl'lULUM
851 912 910 978 lX.

219 1117 338 1184 Qualiter
348 1114 497 1181 Edoardus,
506 1135 552 1170 rex
562 1119 717 1190 Anglorum,
729 1138 846 1172 reversus
859 1131 896 1172 ert
907 1119 934 1171 in
945 1122 1074 1192 Anglinm,
1086 1134 1110 1174 et
1119 1123 1263 1176 llenricum

250 1213 351 1268 regem,
365 1193 512 1250 Londoniis
523 1209 643 1268 capuam,
657 1197 745 1251 denuo
756 1203 784 1251 'tn
801 1201 886 1252 Turre
899 1199 1107 1268 londoniarum,
1119 1203 1159 1254 uti
1175 1204 1263 1274 prius,

251 1296 355 1333 carcere
365 1278 470 1332 reclusit
478 1279 497 1330 ¹.

265 1473 334 1540 Eos
356 1469 462 1565 igitur
483 1467 671 1540 Eduardus
698 1493 757 1538 rex
796 1468 862 1540 sibi
885 1469 1079 1541 concilians
1111 1484 1146 1540 et
1173 1481 1262 1567 pro-

216 1583 443 1656 missionibus
468 1596 574 1680 atque
599 1581 806 1653 muneribus
829 1582 996 1666 alliciens,
1027 1583 1073 1655 ad
1098 1585 1264 1656 transire-

215 1699 365 1772 tandum
396 1699 432 1770 in
460 1723 608 1794 regnum
638 1722 741 1768 suum
774 1698 925 1792 Angliae,
957 1723 1065 1794 quam
1097 1701 1262 1796 colligere

215 1827 401 1912 potuerat,
433 1811 587 1882 militum
617 1836 787 1902 manum,
823 1811 926 1882 valde
959 1827 1162 1908 opportune
1194 1815 1259 1885 sibi

214 1927 344 1998 servire
378 1926 470 1998 lecit.
501 1931 612 1997 Porro
638 1928 759 2013 classe,
789 1951 896 2024 quam
921 1941 993 1997 tam
1015 1953 1057 1998 ex
1083 1927 1262 2001 dictorum

215 2042 497 2137 Osterlingorum
508 2040 657 2132 auxiliis,
672 2065 779 2138 quam
792 2066 835 2112 ex
850 2040 925 2112 aliis
951 2065 1030 2136 quae
1043 2041 1078 2111 in
1100 2042 1263 2116 Flandria

213 2171 248 2228 et
262 2155 430 2229 Zelandia
445 2171 551 2252 atque
569 2156 755 2228 llollandia
771 2157 929 2227 invenire
946 2171 1126 2252 potuerat,
1141 2173 1262 2255 parata

214 2287 249 2342 et
267 2272 449 2356 instructa,
471 2269 570 2368 [xlm.
595 2271 652 2341 die
676 2273 806 2342 mensis
829 2272 964 2359 martii,
983 2296 1105 2344 versus
1122 2289 1263 2370 septen·

214 2385 400 2458 trionalem
423 2383 563 2483 plagam
587 2385 685 2480 regni
707 2387 758 2454 sui
778 2385 987 2456 descensum
1009 2387 1055 2457 ad
1072 2402 1182 2460 terras
1203 2413 1263 2461 ac-

212 2501 307 2598 cepit
321 2504 343 2569 ¹.
363 2504 401 2570 ln
419 2498 646 2597 quibuscum
663 2501 796 2596 copias,
815 2523 904 2594 quas
921 2524 1040 2570 secum
1058 2501 1260 2591 advexerat,

213 2614 454 2712 deposuisset,
469 2613 602 2710 junctis
622 2637 743 2683 secum
761 2637 885 2684 eorum
905 2615 966 2707 qui
983 2615 1028 2686 ad
1052 2640 1089 2686 se
1108 2641 1127 2686 e
1154 2642 1263 2713 regno

213 2733 483 2806 confluxerant⁸
503 2732 635 2829 copiis,
670 2730 716 2801 ad
746 2730 871 2802 urbem
905 2737 1027 2803 suam*
1062 2732 1262 2808 Eboracum

253 2943 281 2996 l.
304 2939 342 2996 Ce
367 2934 511 3013 chapitre,
530 2936 569 2992 od
589 2933 630 2991 les
649 2931 713 2990 suits
732 2945 797 2990 sont
816 2933 964 3012 rapportes
988 2955 1058 2993 arec
1077 2955 1133 2994 une
1153 2937 1263 3016 grande

213 3025 374 3083 exactitude
387 3023 423 3082 de
439 3022 641 3101 chronologia,
659 3033 700 3079 est
716 3020 795 3078 imite
809 3035 835 3078 et
852 3035 973 3080 souvent
991 3023 1098 3082 traduit
1117 3037 1176 3082 mot
1189 3045 1265 3104 pour

213 3125 273 3171 mot
286 3113 373 3172 d'une
392 3113 513 3171 relation
527 3131 564 3170 en
579 3110 701 3187 franceis
714 3109 764 3186 qui
777 3123 826 3168 eut
844 3130 929 3169 cours
942 3131 999 3189 peu
1014 3113 1050 3171 de
1069 3124 1160 3190 temps
1180 3117 1264 3194 apres

213 3201 255 3261 les
269 3203 463 3275 evenements,
477 3214 505 3260 et
523 3219 580 3277 que
597 3199 665 3258 Mllc
679 3202 826 3276 Duponta
843 3198 959 3275 publice
984 3200 1054 3260 dans
1079 3221 1130 3260 son
1155 3203 1263 3262 edition

212 3292 249 3350 de
263 3293 424 3351 Commines
444 3297 482 3365 (t.
499 3295 557 3365 ΙΙΙ,
574 3311 604 3368 p.
620 3293 706 3363 281),
728 3289 842 3367 d'aprds
862 3288 889 3347 le
908 3309 961 3348 ms.
983 3290 1019 3348 de
1036 3291 1063 3349 la
1081 3291 1155 3351 Bibl.
1176 3292 1263 3370 imp,

211 3393 243 3441 n·
261 3383 387 3440 utta-t.
403 3385 443 3440 La
457 3380 567 3440 Societc'
586 3379 636 3437 des
654 3378 835 3455 Antiquaires
856 3377 891 3436 de
907 3379 1036 3438 Londres
1051 3401 1086 3439 en
1101 3401 1117 3438 a
1133 3376 1264 3460 imprime

212 3489 269 3530 une
284 3469 444 3528 traduction
459 3468 585 3547 anglaise
598 3466 669 3526 dans
688 3467 715 3524 le
728 3479 804 3524 tome
818 3469 890 3524 XXI
905 3466 940 3524 de
954 3467 1172 3547 l’Archaeologta.

250 3561 280 3616 Ι.
304 3561 513 3635 Allavenspur
526 3559 575 3630 (ll
590 3575 666 3614 mars
681 3558 786 3628 llll),
802 3556 857 3627 οὺ,
876 3555 1006 3614 soixante
1021 3569 1049 3614 et
1060 3577 1130 3616 onze
1145 3578 1196 3616 ans
1210 3578 1264 3616 au-

210 3658 364 3726 pararam,
384 3646 473 3706 Henri
487 3643 523 3703 de
537 3648 689 3703 Lancastre
706 3642 785 3702 avait
802 3639 948 3720 debarque
966 3663 1042 3722 pour
1059 3644 1195 3705 detrdner
1212 3647 1264 3704 lli·

210 3734 299 3794 chard
314 3737 353 3793 ΙΙ.

251 3827 280 3888 3.
303 3829 380 3882 Dans
394 3825 421 3884 le
434 3844 487 3884 ms.
503 3825 592 3900 quise
604 3823 769 3897 adregnum
783 3820 986 3892 confluxerunt.

251 3919 280 3972 l.
303 3919 362 3974 Sua
380 3911 497 3989 indique
514 3910 584 3989 qu'il
604 3909 708 3988 portait
722 3907 749 3966 le
762 3927 831 3965 nom
845 3906 967 3982 d'York,
987 3909 1058 3968 mais
1072 3929 1130 3968 non
1144 3929 1265 3988 pesque

210 4015 283 4061 cette
296 4001 365 4061 ville
381 4000 516 4058 favorisdt
530 4017 575 4057 ses
588 3999 766 4076 esperances‚
781 4013 831 4052 car
842 3995 861 4053 il
877 4000 925 4071 n’y
939 3995 982 4053 sut
995 4015 1064 4073 recu
1077 4001 1143 4074 qu'a
1159 3998 1185 4055 la
1196 4017 1266 4056 eon-

211 4089 301 4150 dition
324 4088 472 4163 d’abjurer
489 4107 534 4147 ses
554 4085 730 4166 pretentions
750 4085 767 4141 a
787 4083 816 4142 la
834 4103 982 4143 conrnune
1006 4105 1042 4144 en
1065 4087 1202 4163 presence
1224 4085 1265 4146 du

211 4180 316 4258 peuple
329 4190 358 4238 et
373 4177 412 4236 du
431 4177 526 4254 clergo
549 4174 646 4234 re'unis
660 4171 731 4232 dans
744 4171 773 4230 le
786 4171 965 4231 cathedrale.
983 4171 1125 4251 laingard,
1143 4177 1265 4233 Histoire

211 4261 419 4346 d’Angleterre‚
438 4276 458 4323 t.
474 4264 574 4334 ll,cl1.
590 4283 630 4320 rx.
