3272 5182
424 595 481 651 212
693 595 950 654 fflsronttnuu
971 595 1150 654 LUDOVICI
1169 597 1212 653 XI

421 728 581 820 stinctus,
604 742 643 799 ut
659 728 766 826 vulgo
784 726 974 822 serebatur,
995 727 1112 828 periit.
1131 727 1240 816 Quod
1257 728 1358 825 cujus
1373 751 1489 826 opera

422 858 600 943 patratum
630 843 752 938 luerit,
782 845 904 918 divino
931 843 1098 918 duximus
1119 844 1402 943 relinquendum
1423 845 1489 941 ju-

421 957 529 1032 dicio.

470 1081 623 1150 Detruso
635 1093 755 1149 autern
768 1077 803 1148 in
815 1101 993 1150 carcerem
1005 1076 1153 1175 praelato
1163 1076 1343 1150 cardinale
1355 1075 1485 1170 Balue,

420 1194 500 1290 qui,
521 1219 588 1266 nec
612 1194 751 1292 generis
774 1192 976 1286 nobilitate,
1002 1218 1070 1267 nec
1093 1193 1296 1266 litteraturae
1312 1205 1488 1291 praestan·

419 1310 495 1400 tia¹,
526 1333 593 1382 nec
622 1308 799 1408 probitate
826 1318 863 1381 et
889 1308 1185 1381 commendabilis
1214 1310 1295 1380 vitae
1325 1309 1485 1396 meritis,

418 1421 589 1516 honores,
609 1424 655 1497 ad
671 1449 763 1522 quos
780 1439 923 1497 evectus
941 1450 962 1497 a
979 1426 1149 1520 magistro
1167 1450 1233 1497 suo
1253 1449 1335 1521 rege
1353 1425 1484 1516 luerat,

419 1543 674 1639 conquisierat,
700 1540 762 1613 sed
783 1540 876 1613 dolis
897 1555 932 1612 et
952 1541 1070 1641 pravis
1091 1541 1225 1614 artibus
1246 1541 1488 1639 obscenisque

419 1672 454 1727 et
479 1656 673 1750 infamibus
696 1657 959 1729 lenociniorum
985 1658 1188 1730 ministeriis
1215 1682 1276 1729 eos
1301 1671 1488 1730 assecutus

419 1773 527 1872 vulgo
550 1772 745 1866 serebatur,
769 1799 818 1846 ne
841 1773 931 1845 lorte
956 1773 993 1844 in
1024 1775 1080 1845 sui
1104 1787 1353 1871 contemptum
1374 1787 1487 1870 atquc

418 1890 583 1987 injuriam
596 1890 634 1962 id
649 1890 780 1961 factum
794 1890 964 1963 exstitisse
977 1889 1274 1985 Burgundionum
1286 1887 1359 1960 dux
1370 1889 1487 1988 suspi-

418 2020 571 2096 caretur,
592 2006 687 2077 misit
702 2031 762 2077 rex
780 2004 828 2077 ad
844 2031 927 2077 eum
944 2031 1029 2079 suos
1046 2021 1219 2096 oratores,
1239 2005 1299 2101 qui
1316 2029 1380 2105 per
1393 2007 1488 2078 anti·

418 2120 677 2220 prosphoram'
696 2118 905 2217 hujusmodi
933 2123 1172 2220 suspicionem
1190 2122 1289 2217 (cum
1308 2120 1354 2192 de
1372 2121 1486 2219 ipsius

418 2235 706 2335 apprehensione
724 2237 799 2334 ipse
817 2235 890 2308 dux
907 2238 1055 2310 minime
1070 2253 1132 2310 aut
1151 2235 1334 2308 modicum
1356 2239 1486 2310 anxius

420 2353 530 2450 esset)
556 2353 754 2425 niterentur
773 2378 993 2452 expurgare:
1018 2369 1213 2427 asserentes
1232 2355 1269 2426 in
1292 2353 1378 2426 dolo
1405 2379 1483 2428 non

420 2469 475 2540 sui
492 2493 599 2544 causa
623 2470 679 2541 vel
696 2484 858 2569 respectu
883 2471 1012 2543 factam
1038 2471 1113 2568 ejus
1136 2468 1482 2570 apprehensionem,

419 2583 483 2656 sed
500 2583 549 2657 ob
567 2584 720 2684 plurima
738 2586 889 2657 crimina
907 2586 1040 2658 atrocia
1057 2573 1187 2683 quibus
1208 2600 1335 2657 contra
1356 2585 1485 2682 majes-

419 2714 530 2772 tatem
554 2701 688 2796 regiam
716 2701 882 2772 inventus
906 2714 997 2772 esset
1020 2700 1224 2798 deliquisse.
1252 2703 1341 2788 Quae
1362 2715 1485 2772 autem

419 2816 629 2912 hujusmodi
645 2815 796 2889 crimina
809 2816 940 2907 lorent,
954 2841 1037 2889 cum
1054 2817 1130 2915 ipse
1146 2816 1218 2888 dux
1235 2814 1281 2889 ab
1298 2817 1349 2888 eis
1364 2815 1486 2888 scisci·

421 2945 567 3025 taretur,
582 2956 661 3030 quae
674 2947 780 3004 tantae
796 2931 1052 3028 indignationis
1065 2930 1296 3004 acerbitatem
1308 2955 1488 3004 mereren-

422 3063 481 3121 tur
493 3051 531 3121 in
547 3049 734 3120 hominem
747 3047 815 3120 sibi
827 3049 936 3146 paulo
948 3063 1030 3121 ante
1045 3064 1119 3120 tam
1140 3047 1311 3146 singulari
1329 3049 1487 3122 amicitia

423 3165 676 3262 conjunctum,
705 3164 794 3235 scire
817 3189 891 3236 non
913 3165 1050 3262 potuit,
1075 3188 1142 3236 nec
1166 3189 1290 3237 revera
1312 3163 1488 3237 hactenus

422 3285 507 3355 satis
525 3281 632 3355 alicui
646 3279 826 3353 credimus
842 3280 1067 3379 exploratum
1081 3279 1221 3370 haberi,
1240 3282 1323 3357 licet
1339 3279 1486 3380 praelato

422 3401 594 3498 episcopo
619 3397 854 3484 Virdunensi,
885 3398 947 3494 qui
972 3397 1152 3491 tamdiu,
1177 3413 1352 3495 quantum
1378 3420 1487 3496 supra

423 3515 627 3608 retulimus,
653 3514 691 3586 in
711 3513 872 3587 custodia
892 3529 1052 3589 servatus
1071 3530 1141 3604 est,
1162 3515 1207 3586 sit
1225 3516 1261 3588 in
1280 3515 1487 3588 incarcera-

423 3632 522 3704 tione
538 3655 691 3704 eoaevus.

472 3745 582 3820 Multa
602 3761 721 3820 tamen
741 3747 848 3844 vulgo
863 3745 908 3818 de
925 3771 970 3819 eo
986 3747 1137 3818 crimina
1150 3745 1379 3843 jactabantur
1395 3748 1487 3843 (erat

423 3865 519 3938 enim
535 3887 636 3962 paene
651 3861 820 3934 omnibus
837 3863 937 3959 regni
955 3861 1092 3956 incolis,
1114 3876 1263 3963 propter
1279 3861 1487 3962 superbiam

384 4121 391 4142 ·
461 4095 490 4150 l.
512 4090 537 4150 ll
560 4089 628 4149 tuit
647 4088 692 4149 lils
713 4087 783 4149 d’un
805 4087 920 4148 tailleur
939 4109 978 4148 ou
996 4087 1067 4147 d’un
1087 4087 1220 4146 meunier
1241 4087 1278 4148 de
1299 4086 1432 4169 l’Angle,
1447 4106 1485 4146 en

420 4179 540 4254 Poitou,
556 4192 586 4241 et
600 4179 708 4258 serait,
723 4179 837 4256 dit-on,
854 4181 871 4238 i
888 4178 973 4259 peine
987 4177 1040 4237 lire
1054 4197 1107 4238 son
1122 4179 1282 4238 Breviairc.

457 4275 487 4332 2.
510 4275 734 4351 Antipaphoram
753 4272 826 4332 dans
842 4272 869 4331 le
885 4292 940 4332 ms.
961 4273 1065 4332 Terme
1090 4270 1128 4330 dc
1149 4271 1318 4349 rbe'torique
1336 4271 1386 4349 qui
1406 4290 1423 4330 a
1445 4289 1484 4328 en

417 4383 485 4444 grec
503 4363 531 4423 la
549 4364 652 4424 valent·
668 4363 709 4423 du
722 4362 793 4422 latin
806 4368 1041 4439 antcoccupatr'os
