3272 5182
575 593 685 648 LIBER
704 593 908 652 SECUNDUS.
1217 595 1275 652 205

213 720 303 820 cipis
319 721 416 816 gravi
426 701 613 794 'sanctione
634 723 805 821 exceptis3
825 723 889 821 qui
915 747 1062 821 prorsus
1077 723 1276 821 quidquam
1346 794 1357 818 ‚

212 837 260 909 de
275 836 359 936 ipsis
376 836 465 930 tolli,
484 829 821 935 ullamveinjuriam
838 855 899 913 aut
917 839 1124 912 violentiam
1142 840 1277 912 eisdem

212 951 354 1044 inferri,
373 951 422 1024 ob
440 955 507 1026 Dei
527 956 763 1028 reverentiam
780 971 816 1027 et
833 970 1059 1046 sanctorum,
1083 957 1277 1028 arctissime

212 1067 379 1140 inhibuit.
394 1068 465 1141 Sed
479 1094 524 1142 eo
539 1095 615 1142 nou
629 1069 807 1166 obstante,
821 1073 860 1143 in
873 1086 947 1144 tam
959 1097 1152 1144 numerosa
1165 1096 1279 1145 arma-

214 1196 335 1267 torum
351 1184 600 1279 multitudine,
621 1212 700 1284 quae
716 1212 753 1260 se
770 1188 936 1285 protinus
952 1213 1016 1287 per
1032 1212 1159 1260 omnes
1178 1188 1279 1262 urbis

214 1298 348 1397 plateas
366 1316 479 1399 atque
495 1301 645 1376 aedifrcia
664 1317 737 1375 tam
754 1327 855 1376 sacra
879 1328 990 1401 quam
1013 1303 1163 1402 prolana
1190 1305 1278 1378 elfu-

214 1413 287 1504 dit,
306 1417 446 1490 cunctis
468 1417 515 1490 ad
537 1417 675 1516 praedas
695 1432 731 1491 et
752 1418 868 1518 spolia
883 1419 1120 1510 inhiantibus,
1141 1421 1279 1519 princi-

214 1531 357 1631 palibus
381 1534 506 1607 edictis
526 1535 662 1632 integre
685 1534 776 1608 adeo
797 1534 914 1634 pareri
932 1559 1007 1608 nou
1029 1537 1165 1636 potuit,
1191 1536 1279 1634 quin

215 1650 328 1726 multa
351 1652 507 1751 pretiosa
527 1651 686 1750 supellex
701 1653 780 1723 auri
805 1666 841 1724 et
858 1651 1012 1750 argenti,¹
1032 1651 1162 1748 quibus
1179 1677 1281 1724 sanc·

214 1781 337 1839 torum
350 1792 452 1842 sacra
468 1769 621 1867 pignora
633 1782 669 1840 et
682 1770 863 1868 memoriae
879 1766 1090 1867 tegebantur
1105 1783 1212 1866 atque
1228 1770 1282 1841 in·

217 1883 471 1978 volvebantur,
492 1885 576 1958 libri
594 1887 703 1957 etiam
720 1901 755 1958 et
776 1886 903 1958 calices
922 1886 1069 1985 plurimi
1085 1894 1282 1985 caeteraque
1393 1983 1395 1991 A

216 1999 326 2094 bona,
343 2000 380 2074 in
397 2001 578 2101 plerisque
594 2003 702 2075 sacris
715 2002 864 2094 adibus,
883 2017 1093 2102 raperentur
1108 2017 1143 2076 et
1156 2027 1283 2103 expor-

217 2129 390 2189 tarentur.
412 2118 590 2216 Equibus
607 2143 629 2190 a
651 2119 853 2204 nonnullis,
877 2118 934 2190 vel
955 2119 1017 2216 qui
1038 2117 1136 2191 bona
1155 2117 1283 2217 hujus-

216 2233 316 2306 modi
335 2247 547 2334 'rapuerant,
573 2235 631 2308 vel
654 2260 675 2308 a
699 2234 921 2336 rapientibus
945 2259 987 2308 ea
1010 2251 1172 2309 emerant
1195 2236 1282 2335 (sub

217 2352 385 2448 paribus
414 2354 618 2452 apostolicae
644 2353 737 2425 sedis
762 2354 921 2425 censuris
952 2355 1197 2444 commonitis,
1225 2353 1283 2426 vel

217 2469 391 2567 principis
413 2469 592 2542 mandatis
612 2467 828 2567 compulsis)
850 2468 1015 2566 quaedam
1035 2482 1159 2568 postea
1180 2470 1282 2542 resti-

218 2597 294 2659 tuta
332 2583 498 2678 suerunt,
531 2585 703 2685 pauciora
742 2597 862 2656 tamen
895 2583 1002 2680 longe
1038 2608 1147 2680 quam
1179 2601 1283 2684 capta

218 2699 377 2775 luissent.
906 2701 908 2708 ⁴

266 2821 359 2890 Cum
369 2833 491 2892 autem
504 2842 568 2916 per
578 2815 654 2888 dies
667 2815 806 2915 aliquot
815 2843 877 2890 rex
889 2842 973 2889 cum
985 2816 1283 2915 Burgundionum

218 2933 323 3028 duce,
341 2959 476 3035 paucos
491 2950 629 3026 tamen,
649 2932 719 3005 illic
733 2935 913 3024 stetisset¹,
939 2933 1058 3006 eidem
1074 2931 1284 3005 valefaciens

218 3074 302 3122 cum
318 3051 403 3141 suis,
423 3051 486 3149 qui
499 3051 606 3124 etiarn
618 3049 664 3123 de
676 3050 799 3150 spoliis
811 3050 911 3122 urbis
922 3049 1098 3122 nonnulla
1111 3049 1282 3143 tulerunt,

200 3168 255 3238 ‘in
276 3169 461 3241 Franciam
480 3148 565 3240 cum
583 3167 646 3240 tali
665 3167 849 3266 triumpho
869 3166 1065 3238 remeavit:
1086 3165 1215 3238 multas
1232 3181 1285 3237 ta·

220 3307 304 3355 men
325 3283 414 3375 illic,
439 3299 522 3356 ante
543 3286 847 3383 expugnationem
869 3281 986 3373 urbis,
1010 3281 1245 3355 contumelias
1264 3305 1286 3354 a

220 3400 359 3474 civibus
383 3398 521 3500 passus!
549 3402 620 3488 Qui
645 3426 730 3472 cum
755 3401 817 3472 illo
843 3424 927 3472 eum
954 3400 1091 3472 venisse
1116 3397 1164 3472 ad
1189 3399 1286 3497 ipsos

219 3520 511 3593 exterminandos
542 3520 713 3591 certiores
746 3517 827 3589 sacti
857 3513 1003 3590 luissent
1036 3517 1154 3614 (quod
1186 3516 1286 3589 nullo

220 3653 339 3736 pacto,
353 3638 469 3729 initio,
484 3661 567 3708 cum
581 3635 617 3706 id
628 3636 679 3706 eis
690 3647 919 3724 assereretur,
932 3633 1078 3704 credere
1090 3632 1285 3733 poterant),

220 3755 259 3826 in
286 3780 371 3827 eum
398 3754 506 3826 miras
532 3748 825 3850 exprobrationes
849 3749 1024 3850 perfidiae,
1051 3749 1284 3852 proditionis,

221 3869 369 3969 perjmii
400 3884 508 3966 atque
535 3867 690 3941 insamiae
724 3891 744 3940 e
776 3864 956 3938 moenibus
976 3865 1227 3939 acclamabant
1252 3878 1288 3936 et

217 3983 441 4082 jaculabant*
467 3983 660 4059 Ferebatur
687 3997 808 4054 autem
836 4006 858 4055 a
889 3980 1009 4055 multis
1039 3981 1140 4079 quod
1168 3981 1288 4080 plures

222 4102 334 4202 ipsius
350 4101 502 4195 litteras,
521 4125 631 4174 manu
645 4124 711 4173 sua
725 4081 880 4196 signatas
896 4114 933 4172 et
947 4099 1021 4172 suis
1036 4097 1159 4196 sigillis
1176 4094 1287 4168 robo-

1130 4263 1146 4301 4

264 4361 293 4448 l.
316 4311 458 4439 Jusqn’au
470 4359 489 4415 2
501 4351 673 4416 novembre.
