3014 5010
496 459 605 516 LIBER
624 461 826 519 SECUNDUS.
1134 466 1189 521 tta

133 588 308 659 rationem
336 587 374 657 in
394 587 466 658 suis
487 586 619 661 habere
638 588 803 660 manibus
819 589 1043 682 anhelantes,
1063 594 1190 668 exinde

132 702 415 800 indignationem
430 704 598 776 adversus
612 706 727 804 ipsum
744 705 933 778 dominum
948 707 1115 781 Carnium
1138 727 1191 783 to·

132 831 276 915 tamque
290 819 440 917 patriam
458 822 683 893 Normanniae
694 824 909 895 contraxisse
922 838 957 895 et
970 828 1188 925 concepisse.

135 936 255 1026 Unde,
274 960 357 1007 eum
373 938 410 1008 in
427 937 544 1034 vigilia
568 963 631 1010 seu
657 939 744 1011 sesto
762 939 820 1011 die
843 945 954 1013 Beatae
975 941 1191 1015 Catharinae¹

132 1053 352 1152 promisisset
376 1053 513 1125 civibus
543 1055 627 1153 ipsis
653 1053 822 1127 dominus
847 1056 994 1130 Carolus
1020 1059 1057 1129 in
1079 1059 1191 1157 ipsam

133 1167 258 1239 urbem
277 1168 539 1265 Rothomagum
556 1171 705 1243 introire
727 1172 835 1271 idque
857 1173 905 1244 ita
921 1171 1081 1245 futurum
1098 1176 1192 1247 cives

131 1285 318 1381 caeterique
355 1286 464 1357 totius
501 1286 694 1386 provinciae
727 1289 917 1386 primiores
949 1289 1085 1388 absque
1118 1290 1192 1364 ullo

131 1401 371 1498 ambiguitatis
397 1403 566 1504 scrupulo
593 1419 860 1502 exspectarent,
893 1405 1134 1481 existimantes
1159 1427 1194 1482 et

130 1519 218 1591 nihil
252 1518 298 1591 de
329 1521 511 1593 contrario
543 1520 718 1593 ullatenus
753 1523 945 1622 suspicati,
977 1524 1076 1621 quod
1110 1552 1193 1598 curn

130 1637 230 1708 omni
254 1634 505 1708 benevolentia
532 1638 608 1736 ipse
630 1639 815 1710 Britonum
833 1639 924 1731 dux,
945 1640 1047 1737 cujus
1065 1666 1193 1740 magna

130 1777 213 1852 pars
226 1752 413 1851 copiarum
423 1752 499 1848 jam
515 1777 580 1851 per
596 1755 716 1854 plures
731 1754 808 1828 dies
823 1755 859 1827 in
876 1757 1017 1829 civitate
1033 1773 1191 1853 steterat,

131 1893 215 1940 cum
226 1868 301 1940 suis
309 1868 471 1965 jucunde
483 1882 518 1941 et
532 1869 654 1942 lestive
671 1872 788 1970 ipsum
804 1860 994 1944 tlominum
1006 1874 1189 1971 Carolum,

129 1982 165 2057 in
197 1982 295 2055 dicto
320 2010 386 2056 suo
412 1986 575 2082 jucundo
600 1991 779 2083 ingressu,
808 1989 1057 2063 consociarent
1087 2005 1193 2089 atque

129 2096 366 2193 honorarent,
399 2101 564 2175 inimicus
598 2102 744 2197 hom0²,
777 2105 1063 2203 superseminans
1096 2107 1192 2180 diffi-

129 2215 331 2288 dentiarum
352 2243 393 2290 ac
419 2219 638 2293 simultatum
657 2221 811 2312 zizania,
838 2246 946 2295 omne
965 2224 1127 2297 amicitiae
1150 2250 1191 2298 ac

128 2329 398 2424 benevolentia,
418 2337 518 2431 quod
530 2336 702 2409 hactenus
719 2337 824 2409 luisse
836 2338 929 2409 inter
943 2340 1087 2413 eosdem
1102 2341 1192 2413 eris·

128 2443 244 2514 timeri
260 2460 413 2543 poterat,
432 2444 548 2518 loedus
565 2445 707 2544 abrupit
723 2470 765 2518 ac
780 2445 955 2519 dissolvit.

174 2566 261 2648 Quae
277 2588 345 2654 res,
364 2562 491 2661 procul
507 2561 633 2655 dubio,
651 2561 755 2635 valde
773 2561 924 2635 inlausta
944 2567 1184 2658 Normanniae,

125 2679 238 2777 ipsam
271 2680 408 2775 magnis
436 2696 472 2752 et
498 2680 584 2752 diris
612 2679 871 2752 calamitatibus
903 2681 1064 2755 involvit.
1099 2690 1187 2759 Nam

16 2802 19 2809 '
123 2796 319 2891 praestituto
332 2794 404 2887 die,
422 2821 496 2893 quo
512 2798 596 2867 novi
613 2796 714 2868 ducis
726 2796 761 2866 in
778 2796 903 2867 urbem
917 2799 1187 2897 praestolabatur

122 2910 320 3006 ingressus,
350 2911 442 2983 sama
462 2913 595 2984 civium
619 2937 721 2984 aures
744 2911 901 3010 implevit
923 2913 983 3008 (et
999 2940 1067 3013 pro
1085 2934 1184 2990 certo

122 3028 172 3100 ita
188 3028 293 3100 luisse
310 3045 362 3101 est
376 3029 566 3126 creditum)
582 3027 682 3128 quod
699 3027 771 3099 dux
789 3028 864 3125 ipse
882 3027 1081 3122 ltritonum,
1098 3058 1181 3106 cum

122 3144 383 3235 suis,eumdem
395 3143 525 3216 ducem
540 3169 676 3215 novum
687 3143 733 3215 ad
747 3169 865 3238 regern
877 3143 1007 3219 ducere
1019 3147 1177 3244 volebat,

122 3257 350 3358 facturusque
367 3258 438 3332 hoc
457 3259 576 3331 luisset
594 3259 754 3356 proxima
772 3274 890 3352 nocte,
911 3262 942 3332 si
958 3261 1089 3360 (prout
1106 3292 1178 3339 ma·

121 3399 278 3475 gnopere
300 3390 449 3448 conatus
471 3388 523 3446 est
544 3399 609 3473 per
635 3389 751 3446 toturn
774 3375 873 3446 illum
898 3375 1018 3472 diem)
1043 3380 1175 3476 ingres·

119 3515 200 3563 sum
226 3516 332 3563 suum
357 3489 499 3563 dillerre
526 3490 710 3588 potuisset.
744 3491 815 3562 Nec
840 3513 930 3560 vana
956 3492 1090 3590 quippe
1114 3514 1175 3570 aut

119 3606 206 3681 levis
227 3624 263 3681 et
284 3607 469 3681 temeraria
483 3631 524 3679 ea
541 3604 672 3677 volavit
697 3604 790 3676 lama
810 3631 817 3674 :
838 3629 922 3675 narn
949 3606 985 3677 id
1009 3608 1077 3680 sibi
1098 3636 1172 3685 non

118 3722 320 3796 inconsulte
337 3738 499 3796 metuens
511 3725 588 3822 ipse
600 3747 714 3793 novus
731 3719 817 3812 dux,
837 3733 872 3791 et
887 3720 929 3791 ii'
945 3748 1036 3819 quos
1050 3751 1172 3799 secum

117 3836 210 3911 fidos
222 3839 390 3947 habebat,
406 3838 582 3936 quosdam
599 3863 642 3909 er
657 3836 797 3909 civitate
813 3836 909 3908 viros
919 3836 1037 3910 bonos
1053 3864 1172 3915 accer-

158 4023 186 4076 l.
211 4021 249 4078 25
263 4016 431 4079 novembre.

157 4109 185 4165 Ξ.
208 4111 243 4165 Je
257 4107 332 4165 crois
346 4105 416 4185 qu'il
430 4107 489 4165 saut
501 4105 641 4185 turriger,
657 4111 792 4165 Inimicus
802 4105 934 4178 lucrinis,
950 4103 978 4163 le
992 4103 1107 4170 demon.

157 4199 184 4255 3.
208 4201 260 4254 Eis
274 4196 345 4255 dans
359 4199 386 4255 le
399 4215 452 4254 ms.

275 4324 302 4361 rr
601 4298 604 4303 ⁴
974 4302 1015 4381 ¹⁰.
