3384 5184
388 540 444 596 tto
655 536 913 595 HISTORIARUM
933 533 1109 592 LUDOVICI
1129 533 1173 590 XI

386 667 616 762 exercitibus,
656 692 699 738 ex
737 668 915 739 Britannia
951 665 1024 737 dux
1060 665 1264 756 Britonum,
1310 663 1448 734 habens

387 783 572 876 Carolum,
596 807 806 880 germanum
825 783 939 878 regis,
966 806 1051 853 oum
1073 779 1203 851 comite
1222 780 1381 850 Dunensi
1410 780 1447 849 in

387 926 453 974 suo
469 900 660 993 eomitatu;
679 913 715 970 et
728 898 887 970 similiter
904 897 1073 986 dominus
1090 893 1239 967 Carolus
1251 893 1297 966 de
1313 893 1448 965 Charo·

388 1003 454 1086 lois
475 1017 555 1113 qui,
582 1016 791 1086 transmisso
813 1014 962 1086 flumine
984 1014 1121 1100 lsarae¹,
1151 1034 1266 1109 prope
1296 1011 1449 1082 Parisios

387 1131 433 1202 ad
461 1131 874 1228 Sanctum-Dionysium
901 1130 997 1201 venit
1030 1152 1112 1201 cum
1144 1129 1276 1199 comite
1310 1129 1446 1201 Sancti-

388 1245 515 1338 Pauli¹,
534 1245 596 1318 ubi
616 1245 843 1344 operiebatur
860 1245 1054 1318 exercitum
1069 1243 1114 1316 de
1131 1242 1337 1340 Burgundia
1353 1267 1447 1340 qua-

386 1361 657 1460 dringentarum
686 1362 743 1434 vel
769 1363 921 1461 amplius
948 1361 1177 1451 lancearum,
1208 1359 1385 1458 quemad
1410 1383 1449 1460 se

386 1477 593 1551 ducendum
628 1479 854 1550 marescallus
884 1476 1118 1574 Burgundiae⁸
1146 1492 1342 1575 receperat.
1376 1473 1448 1548 Sed

386 1594 534 1666 minime
550 1595 622 1667 hoc
639 1594 800 1695 perfecit.
1312 1605 1315 1614 '

436 1712 541 1784 initio
558 1726 678 1784 autem
694 1711 791 1782 idem
807 1710 974 1799 Carolus,
993 1731 1115 1780 comes
1132 1707 1177 1778 de
1195 1707 1392 1796 Charolois,
1411 1731 1448 1778 se

387 1826 576 1926 pacificum
591 1829 713 1900 venire
725 1840 926 1915 ostentans,
944 1839 978 1897 et
992 1849 1067 1896 non
1079 1823 1250 1896 hostilem
1268 1823 1314 1897 ad
1327 1849 1448 1921 regem

387 1968 512 2016 suasve
534 1959 646 2016 terras
674 1943 834 2015 animum
860 1966 1001 2037 gerere,
1019 1941 1216 2013 necessaria
1241 1940 1449 2040 persolvens

387 2084 453 2132 suo
469 2060 639 2132 exercitui
653 2058 837 2143 victualia,
857 2057 947 2130 nilril
966 2056 1167 2158 praedarum
1184 2056 1240 2138 vel
1262 2055 1449 2128 incendio·

387 2200 470 2246 rum
487 2174 563 2246 fieri
586 2173 827 2272 permittebat.
848 2173 956 2262 Quod
984 2188 1020 2244 et
1045 2171 1320 2271 quodammodo
1347 2173 1449 2276 simi-

388 2290 466 2362 liter
495 2291 626 2363 ducem
659 2291 847 2363 Britonum·
882 2290 996 2362 lacere
1045 2288 1235 2362 serebatur.
1276 2287 1451 2388 Sperabat

388 2407 502 2501 enirn,
527 2420 568 2477 ut
587 2405 761 2496 diximus,
786 2405 862 2477 siue
888 2405 1060 2477 conflictu
1087 2419 1122 2476 et
1149 2402 1245 2477 bello
1268 2428 1387 2500 regem
1413 2430 1451 2476 se

388 2547 493 2620 posse
519 2521 714 2615 adducere,
743 2538 781 2594 ut
810 2523 1124 2618 congregationem
1149 2519 1348 2626 solemnem
1371 2522 1450 2592 Sta·

389 2653 490 2710 tuum
504 2641 604 2736 regni
623 2640 760 2712 Parisiis
779 2637 989 2728 celebraret,
1009 2638 1046 2708 in
1065 2661 1137 2734 qua
1149 2637 1368 2708 conveniens
1381 2635 1452 2708 lan·

389 2755 561 2851 guoribus
580 2756 688 2828 totius
706 2756 806 2852 regni
828 2755 966 2827 medela
988 2751 1220 2854 preberetur,
1240 2767 1275 2825 et
1300 2753 1448 2844 Carolo,

389 2896 456 2944 suo
481 2873 590 2944 unico
611 2896 799 2968 germano,
821 2884 1028 2968 competens
1053 2883 1210 2968 paternae
1236 2865 1451 2940 baereditatis

389 2987 510 3086 portio
522 2983 771 3081 assignaretur.
788 2990 981 3084 Propterea
995 2984 1259 3082 regnicolarum
1274 2996 1310 3056 et
1325 2983 1451 3083 populi

390 3103 513 3195 totius,
534 3101 739 3174 Parisiensis
755 3101 921 3192 maxime,
938 3101 1076 3175 favores
1091 3115 1236 3200 captare
1253 3101 1448 3189 nitebatur,

390 3244 455 3309 ne,
474 3242 575 3290 secus
588 3241 631 3290 ac
648 3216 765 3289 verbis
780 3217 1023 3315 praetendebat
1041 3273 1051 3310 ,
1072 3218 1185 3291 lacere
1201 3215 1398 3290 videretur.

439 3335 602 3408 Tentavit
625 3347 744 3406 autem
777 3332 927 3408 suadere
960 3336 1174 3408 Parisienses
1193 3335 1300 3408 idem
1328 3361 1450 3410 comes

391 3464 431 3522 ut
455 3474 494 3522 se
520 3447 667 3548 pacifice
694 3449 731 3520 in
758 3447 885 3522 urbem
909 3451 1130 3550 reciperent,
1159 3452 1373 3549 promittens
1403 3450 1451 3525 ab

434 3659 460 3716 1.
483 3657 509 3712 A
525 3653 694 3714 Pont-Saint
712 3657 863 3729 Maxence,
878 3653 906 3713 le
918 3657 956 3714 30
967 3654 1044 3729 juin.

431 3745 461 3801 2.
483 3742 571 3802 Louis
584 3742 620 3802 de
633 3742 850 3824 Luxembourg,
867 3755 961 3802 comte
975 3743 1011 3802 de
1025 3742 1187 3804 saint-Pol.
1256 3765 1261 3774 ·

431 3833 460 3890 3.
482 3828 615 3888 Thibaud
627 3829 849 3907 deNeulchdtel,
865 3832 1001 3912 seigneur
1012 3832 1049 3891 de
1060 3831 1204 3891 Blamont.
1217 3831 1239 3890 ll
1253 3831 1296 3891 fut
1307 3831 1403 3912 oblige
1414 3833 1451 3893 de

388 3920 461 3980 faire
474 3939 515 3980 un
526 3919 630 3978 detour
640 3921 769 3994 enorme,
782 3939 936 4000 parceque
947 3920 975 3980 le
988 3920 1090 3980 haurd
1101 3920 1138 3980 de
1145 3921 1296 3981 Venddme
1307 3921 1349 3980 lul
1361 3922 1452 3982 ferma

389 4008 418 4069 la
434 4009 574 4069 frontiere
585 4008 622 4068 de
631 4010 815 4090 champagne
826 4030 880 4090 par
887 4008 1013 4088 laquelle
1025 4009 1046 4068 il
1055 4010 1133 4069 avait
1145 4012 1280 4070 concerta
1289 4029 1342 4069 son
1353 4013 1453 4072 entiae

389 4118 427 4157 en
440 4096 594 4160 Fraucell
609 4096 650 4156 lui
661 4097 744 4158 sallut
754 4111 901 4159 remonter
911 4100 1048 4178 jusqu'en
1058 4103 1230 4179 Bourgogne
1241 4119 1316 4178 pour
1326 4098 1452 4159 rabattre

276 4207 282 4216 ⁴
389 4210 444 4270 par
456 4197 597 4251 auxerre.
612 4190 695 4250 Pieee
706 4189 747 4250 du
760 4191 853 4250 tresor
863 4189 915 4250 des
928 4190 1053 4267 chartas,
1066 4193 1083 4249 J
1087 4235 1094 4252 .
1111 4193 1182 4262 950,
1195 4185 1268 4251 citee
1281 4209 1334 4270 par
1348 4195 1388 4251 tt.
1399 4192 1453 4252 Mi-

389 4273 499 4355 ὣείεῑ,
515 4282 641 4341 Histoire
654 4283 690 4340 de
706 4284 826 4359 mance,
844 4293 863 4342 t.
882 4283 933 4355 Vl,
947 4300 978 4361 p.
995 4283 1065 4342 lll.

655 4473 676 4511 θ
