3272 5182
389 541 447 598 256
657 541 911 600 flmmmsnurt
930 543 1107 602 LUDOVICI
1127 545 1171 601 x1
1293 588 1297 596 .

390 674 588 766 contendit,
614 689 650 746 et
677 676 847 764 adeam,
881 701 984 749 xvru.
1018 675 1176 775 ejusdem
1202 675 1334 748 mensis
1358 675 1445 766 die,

389 789 570 888 applicuit.

438 908 507 979 Ubi
522 933 606 980 cum
620 907 845 980 intellexisset
860 907 960 980 illum
978 931 1147 1004 magnum
1162 908 1303 979 hostem
1316 933 1441 1000 suum,

389 1022 636 1121 proditionum
677 1023 851 1117 insignem
900 1024 1131 1119 magistrum,
1175 1023 1342 1094 comitem
1394 1023 1445 1094 de

391 1141 581 1232 merrich,
616 1140 652 1210 in
685 1140 788 1210 certis
820 1137 951 1210 finibus
984 1140 1084 1236 regni
1115 1165 1199 1211 curn
1235 1139 1445 1236 ingentibus

390 1256 502 1352 copiis
516 1277 661 1352 campos
674 1268 813 1342 tenere,
833 1253 879 1325 ad
896 1279 980 1327 eum
1001 1253 1256 1326 inveniendum
1272 1252 1446 1352 belloque

390 1368 606 1465 petendum,
644 1393 725 1439 cum
750 1370 904 1440 exercitu
939 1394 1006 1441 suo
1035 1369 1176 1441 concito
1211 1367 1322 1466 gradu
1357 1393 1444 1468 per-

390 1485 489 1556 rexit.
519 1484 587 1554 Sed
613 1507 696 1555 cum
720 1483 778 1556 ille
795 1482 950 1582 perfidus
976 1485 1143 1557 audiisset
1167 1485 1283 1584 ipsum
1307 1483 1448 1557 Edoar·

322 1657 324 1664 ,
391 1594 478 1667 dum
508 1599 820 1696 propinquantem,
851 1621 985 1694 pavore
1009 1600 1206 1689 exterritus,
1235 1597 1326 1672 insra
1353 1599 1445 1669 civi-

391 1724 497 1784 tatem
519 1717 823 1785 conventrensem
847 1717 855 1751 ¹
875 1715 1049 1786 munitam
1074 1739 1158 1786 cum
1181 1715 1254 1786 suis
1272 1712 1387 1811 copiis
1402 1737 1445 1784 se

391 1827 552 1916 reclusit,
573 1830 718 1900 minime
739 1852 846 1900 ausus
870 1844 1072 1928 exspectare
1098 1854 1329 1926 congressum
1343 1833 1365 1900 ¹.
1388 1828 1444 1899 Ad

394 1966 501 2039 quam
527 1967 609 2015 cum
636 1943 790 2014 exercitu
824 1942 1009 2017 Edoardus
1039 1942 1227 2038 advolans,
1256 1969 1350 2016 xxrx.
1382 1943 1445 2015 die

392 2056 550 2152 ejusdem
568 2056 711 2148 mensis,
730 2056 897 2129 eumdem
913 2081 1082 2154 magnum
1098 2083 1203 2130 suum
1217 2056 1444 2157 proditorem

391 2171 603 2262 summavit,
625 2185 678 2260 ut,
697 2172 727 2242 si
739 2170 790 2243 de
803 2173 938 2268 justitia
954 2172 1105 2270 querelae
1122 2197 1193 2246 suae
1217 2172 1439 2260 confideret,

391 2283 438 2356 ad
454 2283 698 2358 dimicandum
715 2301 750 2358 et
766 2287 999 2385 praeliandum
1015 2289 1186 2387 prodiret.

439 2401 546 2488 Quod
581 2427 663 2473 cum
693 2402 751 2475 ille
776 2419 967 2496 recusaret,
997 2430 1064 2477 nec
1090 2405 1272 2504 praeliandi
1296 2404 1439 2502 copiam

392 2515 566 2592 ullatenus
582 2518 696 2594 facere
715 2519 832 2610 vellet,
854 2519 1062 2594 deliberavit
1077 2519 1173 2593 idem
1192 2520 1376 2594 Edoardus
1394 2519 1444 2592 ad

392 2633 510 2707 villam
537 2636 582 2708 de
610 2637 794 2728 Warvich,
819 2636 916 2709 unde
936 2635 1033 2709 idem
1059 2637 1223 2737 proditor
1244 2661 1379 2709 nomen
1396 2637 1443 2708 ti-

393 2750 578 2849 tulumque
603 2751 831 2851 praelerebat,
864 2752 1055 2845 accedere,
1086 2766 1125 2824 ut
1153 2751 1210 2825 vel
1238 2752 1300 2824 tali
1329 2752 1442 2824 modo

392 2863 542 2936 eumad
568 2864 771 2936 certaminis
795 2862 917 2935 locum
942 2877 977 2936 et
1001 2864 1047 2936 ad
1072 2863 1339 2961 confligendum
1365 2863 1445 2934 ido-

397 3004 508 3052 neum
532 2979 687 3050 fortassis
711 2977 889 3050 attrahere
918 2970 1050 3078 posset.
1077 2983 1167 3052 Cum
1193 2993 1313 3053 autem
1336 2978 1371 3050 in
1401 3002 1446 3051 ea

392 3098 473 3170 villa
502 3111 604 3184 esset,
641 3096 687 3169 ad
722 3119 759 3168 se
786 3097 883 3167 venit
914 3095 1018 3170 frater
1043 3122 1127 3170 suus
1153 3097 1227 3170 dux
1244 3095 1444 3186 Clarentiae,

392 3239 500 3312 gener
527 3212 685 3311 praedicti
706 3210 833 3310 perfidi
859 3214 1040 3307 Warvieh,
1061 3238 1143 3286 cum
1166 3212 1317 3311 pulchra
1335 3211 1448 3283 comi·

394 3330 464 3404 tiva
488 3343 718 3402 armatorum.
749 3327 815 3399 Cui
839 3353 924 3400 cum
955 3329 1077 3402 idem³
1097 3328 1290 3402 ‚Edoardus
1316 3326 1448 3400 obvius

395 3459 492 3515 extra
518 3443 638 3515 villam
655 3443 700 3514 de
727 3449 780 3515 W
777 3443 897 3514 arctet
914 3445 1076 3535 exiisset,
1095 3469 1178 3516 cum
1193 3446 1264 3516 suis
1280 3443 1394 3543 copiis
1409 3456 1448 3514 et

393 3558 527 3629 vexillis
552 3557 716 3656 expansis
744 3557 1074 3655 (quemadmodum
1098 3560 1203 3632 etiam
1237 3558 1333 3630 idern
1368 3558 1448 3628 Cla·

393 3671 603 3746 rentiaedux
629 3673 833 3770 veniebat),
862 3674 954 3746 inter
979 3674 1076 3772 ipsos
1103 3697 1171 3772 pax
1195 3688 1230 3746 et
1251 3671 1446 3746 concordia

434 3907 462 3961 l.
485 3906 640 3982 Corentry.
1003 3957 1007 3972 ,

391 4005 394 4012 “
433 3997 463 4055 2.
485 3995 647 4056 Chastelain
660 3995 687 4053 le
697 4007 762 4054 taxe
774 3996 850 4055 aussi
861 3995 897 4054 de
909 3995 1019 4054 lachete
1031 4019 1037 4052 :
1054 4021 1066 4047 ι
1078 3995 1168 4055 Estoit
1179 3994 1271 4055 laiche
1283 4008 1313 4056 et
1325 3995 1447 4070 conard,

394 4103 430 4142 ne
440 4104 565 4163 oncques
575 4103 648 4143 nese
658 4097 804 4159 noussen
814 4083 871 4142 lieu
880 4083 938 4144 lors
947 4084 1052 4142 luitis.»
1060 4085 1148 4158 (Part.
1157 4087 1211 4160 Ill,
1219 4083 1447 4157 ohannem.)

393 4175 554 4234 Commines
569 4173 611 4232 dit
622 4172 650 4231 la
664 4175 757 4232 meme
769 4172 856 4232 chose
869 4191 905 4233 en
918 4187 1022 4234 termes
1035 4173 1100 4254 plus
1113 4175 1263 4235 honnetes.
1279 4178 1334 4250 111,
1348 4180 1377 4236 t.
1418 4220 1421 4231 .

435 4265 462 4320 3.
485 4267 585 4322 Eidem
599 4263 671 4322 dans
684 4263 711 4321 le
724 4281 777 4322 ms.
