<?xml version="1.0" encoding="UTF-8"?>
<!DOCTYPE html PUBLIC "-//W3C//DTD XHTML 1.0 Transitional//EN"
    "http://www.w3.org/TR/xhtml1/DTD/xhtml1-transitional.dtd">
<html xmlns="http://www.w3.org/1999/xhtml" xml:lang="en" lang="en">
 <head>
  <title>
</title>
<meta http-equiv="Content-Type" content="text/html;charset=utf-8" />
  <meta name='ocr-system' content='tesseract 3.04.00' />
  <meta name='ocr-capabilities' content='ocr_page ocr_carea ocr_par ocr_line ocrx_word'/>
</head>
<body>
  <div class='ocr_page' id='page_1' title='image "./histoiredesrgne02amelgoog_0578.png"; bbox 0 0 3322 5172; ppageno 0'>
   <div class='ocr_carea' id='block_1_1' title="bbox 615 598 1296 704">
    <p class='ocr_par' dir='ltr' id='par_1_1' title="bbox 615 598 1296 704">
     <span class='ocr_line' id='line_1_1' title="bbox 615 598 1296 704; baseline 0.001 -48"><span class='ocrx_word' id='word_1_1' title='bbox 615 601 724 656; x_wconf 74' lang='lat' dir='ltr'>amsa</span> <span class='ocrx_word' id='word_1_2' title='bbox 744 598 915 670; x_wconf 82' lang='lat' dir='ltr'>Qumrus.</span> <span class='ocrx_word' id='word_1_3' title='bbox 938 679 960 693; x_wconf 29' lang='grc' dir='ltr'>μ</span> <span class='ocrx_word' id='word_1_4' title='bbox 992 685 1002 704; x_wconf 35' lang='grc' dir='ltr'>ι</span> <span class='ocrx_word' id='word_1_5' title='bbox 1240 601 1296 658; x_wconf 67' lang='lat' dir='ltr'>aas</span> 
     </span>
    </p>
   </div>
   <div class='ocr_carea' id='block_1_2' title="bbox 127 731 1337 2804">
    <p class='ocr_par' dir='ltr' id='par_1_2' title="bbox 127 731 1337 1620">
     <span class='ocr_line' id='line_1_2' title="bbox 127 731 1298 835; baseline -0.001 -28"><span class='ocrx_word' id='word_1_6' title='bbox 127 822 128 830; x_wconf 8' lang='grc' dir='ltr'>ἵ</span> <span class='ocrx_word' id='word_1_7' title='bbox 219 737 330 809; x_wconf 89' lang='lat' dir='ltr'>.circa</span> <span class='ocrx_word' id='word_1_8' title='bbox 348 760 385 807; x_wconf 93' lang='lat' dir='ltr'>se</span> <span class='ocrx_word' id='word_1_9' title='bbox 402 735 534 835; x_wconf 88' lang='lat' dir='ltr'>plures,</span> <span class='ocrx_word' id='word_1_10' title='bbox 554 731 684 833; x_wconf 91' lang='lat' dir='ltr'>quibus</span> <span class='ocrx_word' id='word_1_11' title='bbox 705 735 756 805; x_wconf 90' lang='lat' dir='ltr'>vel</span> <span class='ocrx_word' id='word_1_12' title='bbox 776 735 886 832; x_wconf 89' lang='lat' dir='ltr'>ipsius</span> <span class='ocrx_word' id='word_1_13' title='bbox 902 733 1136 828; x_wconf 82' lang='lat' dir='ltr'>continentia,</span> <span class='ocrx_word' id='word_1_14' title='bbox 1155 760 1234 832; x_wconf 88' lang='lat' dir='ltr'>quae</span> <span class='ocrx_word' id='word_1_15' title='bbox 1252 732 1298 806; x_wconf 91' lang='lat' dir='ltr'>de</span> 
     </span>
     <span class='ocr_line' id='line_1_3' title="bbox 216 847 1295 950; baseline -0.004 -26"><span class='ocrx_word' id='word_1_16' title='bbox 216 875 281 940; x_wconf 83' lang='lat' dir='ltr'>·eo</span> <span class='ocrx_word' id='word_1_17' title='bbox 298 851 481 923; x_wconf 91' lang='lat' dir='ltr'>communi</span> <span class='ocrx_word' id='word_1_18' title='bbox 498 849 727 922; x_wconf 89' lang='lat' dir='ltr'>aestimatione</span> <span class='ocrx_word' id='word_1_19' title='bbox 748 847 959 937; x_wconf 85' lang='lat' dir='ltr'><strong>habebatur,</strong></span> <span class='ocrx_word' id='word_1_20' title='bbox 979 872 1106 948; x_wconf 88' lang='lat' dir='ltr'>parum</span> <span class='ocrx_word' id='word_1_21' title='bbox 1124 849 1295 950; x_wconf 82' lang='lat' dir='ltr'>placeret,</span> 
     </span>
     <span class='ocr_line' id='line_1_4' title="bbox 235 965 1299 1067; baseline -0.004 -27"><span class='ocrx_word' id='word_1_22' title='bbox 235 995 282 1048; x_wconf 90' lang='lat' dir='ltr'>eo</span> <span class='ocrx_word' id='word_1_23' title='bbox 299 967 398 1067; x_wconf 92' lang='lat' dir='ltr'>quod</span> <span class='ocrx_word' id='word_1_24' title='bbox 415 994 452 1041; x_wconf 91' lang='lat' dir='ltr'>se</span> <span class='ocrx_word' id='word_1_25' title='bbox 468 967 648 1040; x_wconf 90' lang='lat' dir='ltr'>lubentius</span> <span class='ocrx_word' id='word_1_26' title='bbox 664 968 888 1065; x_wconf 89' lang='lat' dir='ltr'>voluptatum</span> <span class='ocrx_word' id='word_1_27' title='bbox 905 965 1087 1038; x_wconf 87' lang='lat' dir='ltr'>ministros</span> <span class='ocrx_word' id='word_1_28' title='bbox 1100 981 1208 1062; x_wconf 90' lang='lat' dir='ltr'>atque</span> <span class='ocrx_word' id='word_1_29' title='bbox 1225 979 1299 1038; x_wconf 89' lang='lat' dir='ltr'>tur·</span> 
     </span>
     <span class='ocr_line' id='line_1_5' title="bbox 238 1074 1300 1182; baseline -0.001 -28"><span class='ocrx_word' id='word_1_30' title='bbox 238 1074 442 1182; x_wconf 89' lang='lat' dir='ltr'>pitudinum</span> <span class='ocrx_word' id='word_1_31' title='bbox 460 1081 527 1155; x_wconf 92' lang='lat' dir='ltr'>sibi</span> <span class='ocrx_word' id='word_1_32' title='bbox 549 1081 809 1171; x_wconf 84' lang='lat' dir='ltr'>exhibuissent,</span> <span class='ocrx_word' id='word_1_33' title='bbox 833 1106 896 1181; x_wconf 90' lang='lat' dir='ltr'>spe</span> <span class='ocrx_word' id='word_1_34' title='bbox 917 1094 1070 1179; x_wconf 85' lang='lat' dir='ltr'>quaestus</span> <span class='ocrx_word' id='word_1_35' title='bbox 1094 1096 1128 1153; x_wconf 89' lang='lat' dir='ltr'>et</span> <span class='ocrx_word' id='word_1_36' title='bbox 1148 1081 1238 1153; x_wconf 89' lang='lat' dir='ltr'>lucri</span> <span class='ocrx_word' id='word_1_37' title='bbox 1257 1105 1300 1153; x_wconf 84' lang='lat' dir='ltr'>ex</span> 
     </span>
     <span class='ocr_line' id='line_1_6' title="bbox 240 1196 1302 1303; baseline -0.002 -34"><span class='ocrx_word' id='word_1_38' title='bbox 240 1199 367 1271; x_wconf 86' lang='lat' dir='ltr'>talibus</span> <span class='ocrx_word' id='word_1_39' title='bbox 381 1199 584 1303; x_wconf 71' lang='lat' dir='ltr'>ministeriis</span> <span class='ocrx_word' id='word_1_40' title='bbox 596 1196 766 1288; x_wconf 89' lang='lat' dir='ltr'>venandi,</span> <span class='ocrx_word' id='word_1_41' title='bbox 782 1198 833 1268; x_wconf 90' lang='lat' dir='ltr'>uti</span> <span class='ocrx_word' id='word_1_42' title='bbox 847 1196 945 1296; x_wconf 90' lang='lat' dir='ltr'>apud</span> <span class='ocrx_word' id='word_1_43' title='bbox 959 1197 1189 1296; x_wconf 85' lang='lat' dir='ltr'>quamplures</span> <span class='ocrx_word' id='word_1_44' title='bbox 1207 1197 1302 1294; x_wconf 88' lang='lat' dir='ltr'>prin·</span> 
     </span>
     <span class='ocr_line' id='line_1_7' title="bbox 238 1313 1300 1414; baseline -0.002 -26"><span class='ocrx_word' id='word_1_45' title='bbox 238 1317 335 1414; x_wconf 87' lang='lat' dir='ltr'>cipes</span> <span class='ocrx_word' id='word_1_46' title='bbox 353 1333 388 1388; x_wconf 93' lang='lat' dir='ltr'>et</span> <span class='ocrx_word' id='word_1_47' title='bbox 406 1331 576 1414; x_wconf 89' lang='lat' dir='ltr'>tyrannos</span> <span class='ocrx_word' id='word_1_48' title='bbox 594 1313 695 1386; x_wconf 87' lang='lat' dir='ltr'>sacile</span> <span class='ocrx_word' id='word_1_49' title='bbox 712 1315 881 1392; x_wconf 89' lang='lat' dir='ltr'>iuveniri¹</span> <span class='ocrx_word' id='word_1_50' title='bbox 899 1314 1006 1402; x_wconf 88' lang='lat' dir='ltr'>solet,</span> <span class='ocrx_word' id='word_1_51' title='bbox 1030 1316 1059 1386; x_wconf 85' lang='lat' dir='ltr'>si</span> <span class='ocrx_word' id='word_1_52' title='bbox 1086 1340 1168 1387; x_wconf 90' lang='lat' dir='ltr'>eum</span> <span class='ocrx_word' id='word_1_53' title='bbox 1197 1313 1300 1388; x_wconf 90' lang='lat' dir='ltr'>lasci·</span> 
     </span>
     <span class='ocr_line' id='line_1_8' title="bbox 239 1429 1337 1531; baseline -0.001 -29"><span class='ocrx_word' id='word_1_54' title='bbox 239 1433 393 1505; x_wconf 91' lang='lat' dir='ltr'>vientem</span> <span class='ocrx_word' id='word_1_55' title='bbox 406 1447 513 1531; x_wconf 87' lang='lat' dir='ltr'>atque</span> <span class='ocrx_word' id='word_1_56' title='bbox 526 1430 705 1503; x_wconf 87' lang='lat' dir='ltr'>lubricum</span> <span class='ocrx_word' id='word_1_57' title='bbox 719 1444 754 1501; x_wconf 86' lang='lat' dir='ltr'>et</span> <span class='ocrx_word' id='word_1_58' title='bbox 768 1430 922 1502; x_wconf 89' lang='lat' dir='ltr'>soeminis</span> <span class='ocrx_word' id='word_1_59' title='bbox 933 1429 1204 1503; x_wconf 84' lang='lat' dir='ltr'>adhinnientem</span> <span class='ocrx_word' id='word_1_60' title='bbox 1219 1454 1302 1525; x_wconf 86' lang='lat' dir='ltr'>cog·</span> <span class='ocrx_word' id='word_1_61' title='bbox 1330 1465 1337 1478; x_wconf 91' lang='lat'><strong>·</strong></span> 
     </span>
     <span class='ocr_line' id='line_1_9' title="bbox 191 1531 903 1620; baseline 0.007 -2"><span class='ocrx_word' id='word_1_62' title='bbox 191 1531 204 1559; x_wconf 71' lang='lat'><em>⁶</em></span> <span class='ocrx_word' id='word_1_63' title='bbox 239 1549 435 1620; x_wconf 86' lang='lat' dir='ltr'>novissent.</span> <span class='ocrx_word' id='word_1_64' title='bbox 901 1549 903 1554; x_wconf 65' lang='grc'><strong>’</strong></span> 
     </span>
    </p>

    <p class='ocr_par' dir='ltr' id='par_1_3' title="bbox 241 1659 1324 2223">
     <span class='ocr_line' id='line_1_10' title="bbox 288 1659 1302 1759; baseline -0.002 -25"><span class='ocrx_word' id='word_1_65' title='bbox 288 1665 390 1734; x_wconf 90' lang='lat' dir='ltr'>Circa</span> <span class='ocrx_word' id='word_1_66' title='bbox 412 1661 623 1758; x_wconf 82' lang='lat' dir='ltr'>religionem</span> <span class='ocrx_word' id='word_1_67' title='bbox 643 1675 719 1731; x_wconf 88' lang='lat' dir='ltr'>erat</span> <span class='ocrx_word' id='word_1_68' title='bbox 738 1662 822 1731; x_wconf 88' lang='lat' dir='ltr'>satis</span> <span class='ocrx_word' id='word_1_69' title='bbox 843 1659 1002 1754; x_wconf 92' lang='lat' dir='ltr'>deditus,</span> <span class='ocrx_word' id='word_1_70' title='bbox 1021 1661 1171 1759; x_wconf 84' lang='lat' dir='ltr'>diligens</span> <span class='ocrx_word' id='word_1_71' title='bbox 1188 1661 1302 1732; x_wconf 85' lang='lat' dir='ltr'>excel-</span> 
     </span>
     <span class='ocr_line' id='line_1_11' title="bbox 241 1775 1301 1875; baseline 0.001 -28"><span class='ocrx_word' id='word_1_72' title='bbox 241 1779 351 1849; x_wconf 90' lang='lat' dir='ltr'>lentes</span> <span class='ocrx_word' id='word_1_73' title='bbox 367 1792 545 1868; x_wconf 90' lang='lat' dir='ltr'>cantores,</span> <span class='ocrx_word' id='word_1_74' title='bbox 564 1775 871 1874; x_wconf 86' lang='lat' dir='ltr'>quemadmodum</span> <span class='ocrx_word' id='word_1_75' title='bbox 886 1791 922 1848; x_wconf 87' lang='lat' dir='ltr'>et</span> <span class='ocrx_word' id='word_1_76' title='bbox 936 1790 1037 1875; x_wconf 89' lang='lat' dir='ltr'>pater</span> <span class='ocrx_word' id='word_1_77' title='bbox 1052 1803 1138 1849; x_wconf 92' lang='lat' dir='ltr'>suus</span> <span class='ocrx_word' id='word_1_78' title='bbox 1155 1775 1301 1868; x_wconf 82' lang='lat' dir='ltr'>iecerat;</span> 
     </span>
     <span class='ocr_line' id='line_1_12' title="bbox 243 1882 1324 1993; baseline 0.001 -30"><span class='ocrx_word' id='word_1_79' title='bbox 243 1892 337 1964; x_wconf 90' lang='lat' dir='ltr'>unde</span> <span class='ocrx_word' id='word_1_80' title='bbox 350 1917 491 1991; x_wconf 90' lang='lat' dir='ltr'>semper</span> <span class='ocrx_word' id='word_1_81' title='bbox 499 1892 689 1964; x_wconf 88' lang='lat' dir='ltr'>honestam</span> <span class='ocrx_word' id='word_1_82' title='bbox 701 1906 736 1963; x_wconf 89' lang='lat' dir='ltr'>et</span> <span class='ocrx_word' id='word_1_83' title='bbox 746 1882 974 1989; x_wconf 79' lang='lat' dir='ltr'>magnificam</span> <span class='ocrx_word' id='word_1_84' title='bbox 986 1891 1160 1993; x_wconf 89' lang='lat' dir='ltr'>capellam</span> <span class='ocrx_word' id='word_1_85' title='bbox 1174 1894 1300 1981; x_wconf 89' lang='lat' dir='ltr'>tenuit,</span> <span class='ocrx_word' id='word_1_86' title='bbox 1321 1890 1324 1899; x_wconf 80' lang='lat'>&#39;</span> 
     </span>
     <span class='ocr_line' id='line_1_13' title="bbox 241 2009 1304 2110; baseline 0.002 -31"><span class='ocrx_word' id='word_1_87' title='bbox 241 2023 276 2079; x_wconf 91' lang='lat' dir='ltr'>et</span> <span class='ocrx_word' id='word_1_88' title='bbox 291 2034 375 2109; x_wconf 86' lang='lat' dir='ltr'>cum</span> <span class='ocrx_word' id='word_1_89' title='bbox 393 2011 465 2084; x_wconf 91' lang='lat' dir='ltr'>suis</span> <span class='ocrx_word' id='word_1_90' title='bbox 481 2009 688 2082; x_wconf 91' lang='lat' dir='ltr'>cantoribus</span> <span class='ocrx_word' id='word_1_91' title='bbox 705 2011 740 2082; x_wconf 91' lang='lat' dir='ltr'>in</span> <span class='ocrx_word' id='word_1_92' title='bbox 758 2025 865 2083; x_wconf 88' lang='lat' dir='ltr'>cantu</span> <span class='ocrx_word' id='word_1_93' title='bbox 882 2009 1090 2103; x_wconf 88' lang='lat' dir='ltr'>delectatus,</span> <span class='ocrx_word' id='word_1_94' title='bbox 1109 2010 1214 2082; x_wconf 91' lang='lat' dir='ltr'>etiam</span> <span class='ocrx_word' id='word_1_95' title='bbox 1232 2011 1304 2110; x_wconf 90' lang='lat' dir='ltr'>pri-</span> 
     </span>
     <span class='ocr_line' id='line_1_14' title="bbox 243 2124 749 2223; baseline 0.006 -29"><span class='ocrx_word' id='word_1_96' title='bbox 243 2125 352 2196; x_wconf 88' lang='lat' dir='ltr'>vatim</span> <span class='ocrx_word' id='word_1_97' title='bbox 371 2124 566 2223; x_wconf 87' lang='lat' dir='ltr'>aliquando</span> <span class='ocrx_word' id='word_1_98' title='bbox 582 2125 749 2197; x_wconf 86' lang='lat' dir='ltr'>cantavit.</span> 
     </span>
    </p>

    <p class='ocr_par' dir='ltr' id='par_1_4' title="bbox 243 2240 1337 2804">
     <span class='ocr_line' id='line_1_15' title="bbox 289 2240 1337 2342; baseline 0 -30"><span class='ocrx_word' id='word_1_99' title='bbox 289 2242 373 2314; x_wconf 86' lang='lat' dir='ltr'>Vini</span> <span class='ocrx_word' id='word_1_100' title='bbox 390 2257 425 2316; x_wconf 93' lang='lat' dir='ltr'>et</span> <span class='ocrx_word' id='word_1_101' title='bbox 440 2267 602 2315; x_wconf 91' lang='lat' dir='ltr'>escarum</span> <span class='ocrx_word' id='word_1_102' title='bbox 619 2240 761 2314; x_wconf 87' lang='lat' dir='ltr'>sobrius</span> <span class='ocrx_word' id='word_1_103' title='bbox 778 2257 814 2313; x_wconf 91' lang='lat' dir='ltr'>et</span> <span class='ocrx_word' id='word_1_104' title='bbox 831 2259 1034 2342; x_wconf 86' lang='lat' dir='ltr'>temperans</span> <span class='ocrx_word' id='word_1_105' title='bbox 1051 2242 1136 2332; x_wconf 82' lang='lat' dir='ltr'>luit3</span> <span class='ocrx_word' id='word_1_106' title='bbox 1156 2243 1205 2313; x_wconf 89' lang='lat' dir='ltr'>ita</span> <span class='ocrx_word' id='word_1_107' title='bbox 1220 2266 1304 2341; x_wconf 91' lang='lat' dir='ltr'>pro·</span> <span class='ocrx_word' id='word_1_108' title='bbox 1332 2265 1337 2282; x_wconf 65' lang='lat'><strong><em>‘</em></strong></span> 
     </span>
     <span class='ocr_line' id='line_1_16' title="bbox 243 2357 1326 2456; baseline 0.002 -29"><span class='ocrx_word' id='word_1_109' title='bbox 243 2357 333 2430; x_wconf 85' lang='lat' dir='ltr'>fecto</span> <span class='ocrx_word' id='word_1_110' title='bbox 349 2373 406 2450; x_wconf 89' lang='lat' dir='ltr'>ut,</span> <span class='ocrx_word' id='word_1_111' title='bbox 426 2359 473 2449; x_wconf 90' lang='lat' dir='ltr'>si,</span> <span class='ocrx_word' id='word_1_112' title='bbox 494 2357 801 2456; x_wconf 88' lang='lat' dir='ltr'>quemadmodum</span> <span class='ocrx_word' id='word_1_113' title='bbox 818 2359 919 2431; x_wconf 85' lang='lat' dir='ltr'>initio</span> <span class='ocrx_word' id='word_1_114' title='bbox 936 2359 1140 2451; x_wconf 87' lang='lat' dir='ltr'>inchoarat,</span> <span class='ocrx_word' id='word_1_115' title='bbox 1159 2359 1205 2429; x_wconf 90' lang='lat' dir='ltr'>ita</span> <span class='ocrx_word' id='word_1_116' title='bbox 1225 2367 1326 2455; x_wconf 87' lang='lat' dir='ltr'>per·&#39;</span> 
     </span>
     <span class='ocr_line' id='line_1_17' title="bbox 243 2475 1304 2585; baseline 0.001 -39"><span class='ocrx_word' id='word_1_117' title='bbox 243 2499 403 2548; x_wconf 83' lang='lat' dir='ltr'>severare</span> <span class='ocrx_word' id='word_1_118' title='bbox 417 2476 602 2575; x_wconf 89' lang='lat' dir='ltr'>potuisset,</span> <span class='ocrx_word' id='word_1_119' title='bbox 621 2475 820 2573; x_wconf 84' lang='lat' dir='ltr'>singularis,</span> <span class='ocrx_word' id='word_1_120' title='bbox 836 2476 929 2548; x_wconf 87' lang='lat' dir='ltr'>inter</span> <span class='ocrx_word' id='word_1_121' title='bbox 940 2476 1304 2585; x_wconf 84' lang='lat' dir='ltr'>principesegregios,</span> 
     </span>
     <span class='ocr_line' id='line_1_18' title="bbox 245 2590 1307 2692; baseline 0.004 -32"><span class='ocrx_word' id='word_1_122' title='bbox 245 2614 339 2661; x_wconf 92' lang='lat' dir='ltr'>unus</span> <span class='ocrx_word' id='word_1_123' title='bbox 354 2590 475 2663; x_wconf 83' lang='lat' dir='ltr'>luisset</span> <span class='ocrx_word' id='word_1_124' title='bbox 491 2616 567 2662; x_wconf 92' lang='lat' dir='ltr'>non</span> <span class='ocrx_word' id='word_1_125' title='bbox 583 2590 712 2686; x_wconf 88' lang='lat' dir='ltr'>injuria</span> <span class='ocrx_word' id='word_1_126' title='bbox 728 2590 1004 2692; x_wconf 89' lang='lat' dir='ltr'>computandus.</span> <span class='ocrx_word' id='word_1_127' title='bbox 1025 2591 1130 2689; x_wconf 82' lang='lat' dir='ltr'>ntqui</span> <span class='ocrx_word' id='word_1_128' title='bbox 1151 2619 1171 2658; x_wconf 78' lang='lat' dir='ltr'>a</span> <span class='ocrx_word' id='word_1_129' title='bbox 1190 2590 1307 2664; x_wconf 88' lang='lat' dir='ltr'>nescia</span> 
     </span>
     <span class='ocr_line' id='line_1_19' title="bbox 246 2697 907 2804; baseline 0.005 -27"><span class='ocrx_word' id='word_1_130' title='bbox 246 2731 347 2780; x_wconf 90' lang='lat' dir='ltr'>mens</span> <span class='ocrx_word' id='word_1_131' title='bbox 363 2706 538 2800; x_wconf 87' lang='lat' dir='ltr'>hominis,</span> <span class='ocrx_word' id='word_1_132' title='bbox 562 2737 579 2773; x_wconf 78' lang='lat' dir='ltr'>u</span> <span class='ocrx_word' id='word_1_133' title='bbox 599 2721 640 2780; x_wconf 92' lang='lat' dir='ltr'>ut</span> <span class='ocrx_word' id='word_1_134' title='bbox 655 2697 754 2780; x_wconf 89' lang='lat' dir='ltr'>Maro</span> <span class='ocrx_word' id='word_1_135' title='bbox 772 2708 907 2804; x_wconf 89' lang='lat' dir='ltr'>inquit,</span> 
     </span>
    </p>
   </div>
   <div class='ocr_carea' id='block_1_3' title="bbox 355 2891 1134 3086">
    <p class='ocr_par' dir='ltr' id='par_1_5' title="bbox 355 2891 1134 3086">
     <span class='ocr_line' id='line_1_20' title="bbox 716 2891 1080 2983; baseline 0.008 -27"><span class='ocrx_word' id='word_1_136' title='bbox 716 2893 774 2958; x_wconf 83' lang='lat' dir='ltr'>fati</span> <span class='ocrx_word' id='word_1_137' title='bbox 787 2894 941 2983; x_wconf 87' lang='lat' dir='ltr'>sortisque</span> <span class='ocrx_word' id='word_1_138' title='bbox 954 2891 1080 2979; x_wconf 75' lang='lat' dir='ltr'>firtmae,</span> 
     </span>
     <span class='ocr_line' id='line_1_21' title="bbox 355 2999 1134 3086; baseline 0.003 -20"><span class='ocrx_word' id='word_1_139' title='bbox 355 2999 423 3067; x_wconf 91' lang='lat' dir='ltr'>Nec</span> <span class='ocrx_word' id='word_1_140' title='bbox 437 3023 561 3067; x_wconf 85' lang='lat' dir='ltr'>servare</span> <span class='ocrx_word' id='word_1_141' title='bbox 575 3000 711 3067; x_wconf 88' lang='lat' dir='ltr'>modum</span> <span class='ocrx_word' id='word_1_142' title='bbox 725 3001 822 3068; x_wconf 88' lang='lat' dir='ltr'>rebus</span> <span class='ocrx_word' id='word_1_143' title='bbox 837 3001 960 3068; x_wconf 85' lang='lat' dir='ltr'>sublata</span> <span class='ocrx_word' id='word_1_144' title='bbox 973 3001 1134 3086; x_wconf 87' lang='lat' dir='ltr'>secundis,</span> 
     </span>
    </p>
   </div>
   <div class='ocr_carea' id='block_1_4' title="bbox 245 3174 1307 3272">
    <p class='ocr_par' dir='ltr' id='par_1_6' title="bbox 245 3174 1307 3272">
     <span class='ocr_line' id='line_1_22' title="bbox 245 3174 1307 3272; baseline 0.009 -28"><span class='ocrx_word' id='word_1_145' title='bbox 245 3174 282 3244; x_wconf 92' lang='lat' dir='ltr'>in</span> <span class='ocrx_word' id='word_1_146' title='bbox 301 3191 438 3249; x_wconf 90' lang='lat' dir='ltr'>tantam</span> <span class='ocrx_word' id='word_1_147' title='bbox 456 3203 540 3251; x_wconf 91' lang='lat' dir='ltr'>eum</span> <span class='ocrx_word' id='word_1_148' title='bbox 560 3178 751 3255; x_wconf 87' lang='lat' dir='ltr'>elationem</span> <span class='ocrx_word' id='word_1_149' title='bbox 771 3177 958 3272; x_wconf 87' lang='lat' dir='ltr'>extulerat,</span> <span class='ocrx_word' id='word_1_150' title='bbox 983 3194 1022 3250; x_wconf 90' lang='lat' dir='ltr'>ut</span> <span class='ocrx_word' id='word_1_151' title='bbox 1045 3179 1228 3252; x_wconf 88' lang='lat' dir='ltr'>neminem</span> <span class='ocrx_word' id='word_1_152' title='bbox 1245 3203 1307 3254; x_wconf 90' lang='lat' dir='ltr'>cu-</span> 
     </span>
    </p>
   </div>
   <div class='ocr_carea' id='block_1_5' title="bbox 247 3291 1320 4200">
    <p class='ocr_par' dir='ltr' id='par_1_7' title="bbox 247 3291 1320 4200">
     <span class='ocr_line' id='line_1_23' title="bbox 247 3291 1305 3393; baseline 0.009 -35"><span class='ocrx_word' id='word_1_153' title='bbox 247 3313 343 3377; x_wconf 85' lang='lat' dir='ltr'>rare,</span> <span class='ocrx_word' id='word_1_154' title='bbox 372 3291 428 3362; x_wconf 82' lang='lat' dir='ltr'>vel</span> <span class='ocrx_word' id='word_1_155' title='bbox 449 3295 622 3367; x_wconf 82' lang='lat' dir='ltr'>aestimare</span> <span class='ocrx_word' id='word_1_156' title='bbox 649 3320 869 3393; x_wconf 88' lang='lat' dir='ltr'>quemquam</span> <span class='ocrx_word' id='word_1_157' title='bbox 889 3312 951 3369; x_wconf 90' lang='lat' dir='ltr'>aut</span> <span class='ocrx_word' id='word_1_158' title='bbox 976 3297 1089 3370; x_wconf 84' lang='lat' dir='ltr'>vereri</span> <span class='ocrx_word' id='word_1_159' title='bbox 1113 3296 1305 3370; x_wconf 87' lang='lat' dir='ltr'>videretur.</span> 
     </span>
     <span class='ocr_line' id='line_1_24' title="bbox 249 3405 1309 3506; baseline 0.008 -31"><span class='ocrx_word' id='word_1_160' title='bbox 249 3405 367 3495; x_wconf 90' lang='lat' dir='ltr'>Unde,</span> <span class='ocrx_word' id='word_1_161' title='bbox 394 3409 493 3503; x_wconf 85' lang='lat' dir='ltr'>quasi</span> <span class='ocrx_word' id='word_1_162' title='bbox 518 3433 646 3506; x_wconf 91' lang='lat' dir='ltr'>parum</span> <span class='ocrx_word' id='word_1_163' title='bbox 670 3412 739 3482; x_wconf 91' lang='lat' dir='ltr'>sibi</span> <span class='ocrx_word' id='word_1_164' title='bbox 763 3411 871 3502; x_wconf 81' lang='lat' dir='ltr'>soret,</span> <span class='ocrx_word' id='word_1_165' title='bbox 900 3413 928 3483; x_wconf 93' lang='lat' dir='ltr'>si</span> <span class='ocrx_word' id='word_1_166' title='bbox 953 3412 1067 3484; x_wconf 91' lang='lat' dir='ltr'>solum</span> <span class='ocrx_word' id='word_1_167' title='bbox 1090 3417 1309 3484; x_wconf 89' lang='lat' dir='ltr'>Francorum</span> 
     </span>
     <span class='ocr_line' id='line_1_25' title="bbox 247 3522 1311 3620; baseline 0.009 -31"><span class='ocrx_word' id='word_1_168' title='bbox 247 3544 367 3615; x_wconf 85' lang='lat' dir='ltr'>regem</span> <span class='ocrx_word' id='word_1_169' title='bbox 384 3522 570 3594; x_wconf 90' lang='lat' dir='ltr'>inimicum</span> <span class='ocrx_word' id='word_1_170' title='bbox 587 3525 801 3596; x_wconf 89' lang='lat' dir='ltr'>acerrimum</span> <span class='ocrx_word' id='word_1_171' title='bbox 817 3526 978 3620; x_wconf 89' lang='lat' dir='ltr'>haberet,</span> <span class='ocrx_word' id='word_1_172' title='bbox 997 3547 1144 3602; x_wconf 83' lang='lat' dir='ltr'>omnem</span> <span class='ocrx_word' id='word_1_173' title='bbox 1160 3531 1311 3600; x_wconf 90' lang='lat' dir='ltr'>Germa-</span> 
     </span>
     <span class='ocr_line' id='line_1_26' title="bbox 248 3636 1310 3738; baseline 0.007 -33"><span class='ocrx_word' id='word_1_174' title='bbox 248 3636 344 3707; x_wconf 90' lang='lat' dir='ltr'>niam</span> <span class='ocrx_word' id='word_1_175' title='bbox 368 3651 405 3738; x_wconf 83' lang='lat' dir='ltr'>et</span> <span class='ocrx_word' id='word_1_176' title='bbox 429 3638 610 3736; x_wconf 89' lang='lat' dir='ltr'>principes</span> <span class='ocrx_word' id='word_1_177' title='bbox 633 3638 812 3734; x_wconf 87' lang='lat' dir='ltr'>ejusdem,</span> <span class='ocrx_word' id='word_1_178' title='bbox 838 3655 944 3736; x_wconf 90' lang='lat' dir='ltr'>atque</span> <span class='ocrx_word' id='word_1_179' title='bbox 963 3641 1046 3718; x_wconf 88' lang='lat' dir='ltr'>illos</span> <span class='ocrx_word' id='word_1_180' title='bbox 1069 3640 1196 3733; x_wconf 82' lang='lat' dir='ltr'>etiam,</span> <span class='ocrx_word' id='word_1_181' title='bbox 1225 3657 1310 3714; x_wconf 88' lang='lat' dir='ltr'>tunc</span> 
     </span>
     <span class='ocr_line' id='line_1_27' title="bbox 247 3749 1310 3861; baseline 0.008 -41"><span class='ocrx_word' id='word_1_182' title='bbox 247 3749 406 3824; x_wconf 86' lang='lat' dir='ltr'>bellandi</span> <span class='ocrx_word' id='word_1_183' title='bbox 422 3753 666 3851; x_wconf 89' lang='lat' dir='ltr'>peritissimos,</span> <span class='ocrx_word' id='word_1_184' title='bbox 686 3754 904 3826; x_wconf 86' lang='lat' dir='ltr'>Suitensium</span> <span class='ocrx_word' id='word_1_185' title='bbox 921 3759 1090 3861; x_wconf 82' lang='lat' dir='ltr'>populos,</span> <span class='ocrx_word' id='word_1_186' title='bbox 1101 3756 1210 3856; x_wconf 79' lang='lat' dir='ltr'>paulo</span> <span class='ocrx_word' id='word_1_187' title='bbox 1229 3771 1310 3829; x_wconf 79' lang='lat' dir='ltr'>ante</span> 
     </span>
     <span class='ocr_line' id='line_1_28' title="bbox 248 3852 1320 3962; baseline 0.007 -25"><span class='ocrx_word' id='word_1_188' title='bbox 248 3893 375 3940; x_wconf 90' lang='lat' dir='ltr'>omnes</span> <span class='ocrx_word' id='word_1_189' title='bbox 389 3868 456 3941; x_wconf 91' lang='lat' dir='ltr'>sibi</span> <span class='ocrx_word' id='word_1_190' title='bbox 471 3869 606 3941; x_wconf 91' lang='lat' dir='ltr'>amicos</span> <span class='ocrx_word' id='word_1_191' title='bbox 622 3886 657 3943; x_wconf 91' lang='lat' dir='ltr'>et</span> <span class='ocrx_word' id='word_1_192' title='bbox 673 3870 882 3962; x_wconf 87' lang='lat' dir='ltr'>benevolos,</span> <span class='ocrx_word' id='word_1_193' title='bbox 903 3872 1022 3945; x_wconf 89' lang='lat' dir='ltr'>hostes</span> <span class='ocrx_word' id='word_1_194' title='bbox 1037 3873 1104 3948; x_wconf 89' lang='lat' dir='ltr'>sibi</span> <span class='ocrx_word' id='word_1_195' title='bbox 1121 3852 1320 3959; x_wconf 66' lang='lat' dir='ltr'>infensissi&#39;</span> 
     </span>
     <span class='ocr_line' id='line_1_29' title="bbox 250 3972 1311 4084; baseline 0.003 -29"><span class='ocrx_word' id='word_1_196' title='bbox 250 4009 344 4071; x_wconf 87' lang='lat' dir='ltr'>mos,</span> <span class='ocrx_word' id='word_1_197' title='bbox 367 3984 499 4056; x_wconf 88' lang='lat' dir='ltr'>invitos</span> <span class='ocrx_word' id='word_1_198' title='bbox 519 3985 791 4084; x_wconf 91' lang='lat' dir='ltr'>quodammodo</span> <span class='ocrx_word' id='word_1_199' title='bbox 811 4012 853 4060; x_wconf 89' lang='lat' dir='ltr'>ac</span> <span class='ocrx_word' id='word_1_200' title='bbox 871 4001 1092 4080; x_wconf 89' lang='lat' dir='ltr'>recusantes,</span> <span class='ocrx_word' id='word_1_201' title='bbox 1110 3989 1141 4062; x_wconf 87' lang='lat' dir='ltr'>si</span> <span class='ocrx_word' id='word_1_202' title='bbox 1153 3972 1311 4060; x_wconf 88' lang='lat' dir='ltr'>licuisset</span> 
     </span>
     <span class='ocr_line' id='line_1_30' title="bbox 251 4098 696 4200; baseline 0.007 -29"><span class='ocrx_word' id='word_1_203' title='bbox 251 4098 341 4190; x_wconf 82' lang='lat' dir='ltr'>fieri,</span> <span class='ocrx_word' id='word_1_204' title='bbox 360 4101 503 4200; x_wconf 88' lang='lat' dir='ltr'>impulit</span> <span class='ocrx_word' id='word_1_205' title='bbox 518 4117 553 4173; x_wconf 88' lang='lat' dir='ltr'>et</span> <span class='ocrx_word' id='word_1_206' title='bbox 569 4103 696 4200; x_wconf 83' lang='lat' dir='ltr'>coegit.</span> 
     </span>
    </p>
   </div>
   <div class='ocr_carea' id='block_1_6' title="bbox 291 4306 669 4370">
    <p class='ocr_par' dir='ltr' id='par_1_8' title="bbox 291 4306 669 4370">
     <span class='ocr_line' id='line_1_31' title="bbox 291 4306 669 4370; baseline 0.016 -8"><span class='ocrx_word' id='word_1_207' title='bbox 291 4306 320 4366; x_wconf 91' lang='lat' dir='ltr'>l.</span> <span class='ocrx_word' id='word_1_208' title='bbox 342 4307 473 4366; x_wconf 70' lang='lat' dir='ltr'>ravenne</span> <span class='ocrx_word' id='word_1_209' title='bbox 486 4306 557 4367; x_wconf 87' lang='lat' dir='ltr'>daus</span> <span class='ocrx_word' id='word_1_210' title='bbox 572 4307 600 4367; x_wconf 92' lang='lat' dir='ltr'>le</span> <span class='ocrx_word' id='word_1_211' title='bbox 616 4329 669 4370; x_wconf 88' lang='lat' dir='ltr'>ms.</span> 
     </span>
    </p>
   </div>
   <div class='ocr_carea' id='block_1_7' title="bbox 0 0 1693 5172">
    <p class='ocr_par' dir='ltr' id='par_1_9' title="bbox 0 0 1693 5172">
     <span class='ocr_line' id='line_1_32' title="bbox 0 0 1693 5172; baseline 0 0"><span class='ocrx_word' id='word_1_212' title='bbox 0 0 1693 5172; x_wconf 95' lang='lat' dir='ltr'> </span> 
     </span>
    </p>
   </div>
  </div>
 </body>
</html>
