3272 5182
424 574 481 629 228
693 570 949 628 fflsronlnnurt
974 569 1150 626 LUDOVICI
1170 570 1213 626 XI

423 723 495 772 suae
515 699 593 772 vela
610 699 724 771 lacere
741 699 943 792 inchoaret,
963 697 1171 771 cudendum
1188 713 1262 772 erat
1278 713 1384 797 atque
1401 724 1481 799 per·

423 816 633 912 cutiendum
651 815 766 888 loedus
784 815 872 886 illud
890 815 1025 888 illustre
1043 830 1150 913 atque
1168 830 1361 906 sacratum,
1381 814 1481 913 quod

423 935 514 1004 inter
533 959 589 1024 se,
610 949 756 1004 auctore
777 933 906 1004 eodem
925 933 1111 1026 Warvr'cd,
1130 937 1347 1005 Francorum
1370 946 1483 1005 reret

422 1050 628 1138 Edoardus,
648 1050 774 1122 unicus
790 1050 933 1121 Henrici
948 1051 1039 1146 regis
1054 1049 1164 1140 filius,
1185 1049 1300 1122 dictus
1317 1049 1483 1148 princeps

425 1167 570 1256 Walliae,
587 1180 838 1265 percusserunt
848 1181 955 1263 atque
966 1165 1168 1238 firmarunt.
1183 1165 1292 1261 Cujus
1307 1166 1483 1237 sententia

423 1283 499 1354 talis
517 1297 592 1356 erat
608 1283 710 1374 (nam
727 1283 837 1381 ipsius
853 1281 994 1356 foederis
1010 1297 1046 1354 et
1062 1281 1235 1381 plurimas
1251 1281 1482 1380 epistolarum

421 1399 543 1496 copias
564 1396 713 1494 legimus
729 1413 764 1469 et
780 1397 844 1468 diu
860 1397 1112 1493 servavimus¹)
1131 1423 1139 1467 :

470 1511 660 1602 Videlicet,
681 1510 781 1609 quod
802 1512 898 1583 idem
915 1511 1122 1602 Edoardus,
1141 1512 1307 1610 princeps
1326 1511 1479 1601 Walliae,

416 1627 562 1724 jurabat
577 1653 642 1726 per
657 1632 792 1720 Deum,
812 1644 1010 1700 creatorem
1027 1641 1209 1721 nostrum,
1233 1653 1297 1726 per
1317 1627 1427 1700 fidem
1449 1642 1483 1698 et

419 1759 681 1817 sacramentum
694 1746 748 1817 sui
761 1747 936 1844 corporis,
952 1744 1020 1816 sub
1034 1770 1100 1817 suo
1114 1746 1254 1818 honore
1269 1760 1304 1816 et
1318 1747 1355 1816 in
1369 1744 1482 1818 verbo

419 1861 608 1962 principis,
634 1861 735 1958 quod
758 1862 833 1960 ipse
857 1863 982 1936 laceret
1007 1860 1140 1936 etheri
1164 1862 1294 1934 laceret
1317 1885 1482 1958 guerram

420 1994 597 2077 apertam,
624 1980 805 2077 perpetuis
826 1980 1066 2079 temporibus,
1092 2006 1157 2079 per
1177 2005 1302 2052 omnes
1327 1982 1389 2078 qui
1416 2005 1482 2081 pro

420 2116 457 2164 se
473 2092 674 2190 quidquam
689 2092 804 2164 facere
820 2092 966 2185 vellent,
983 2109 1110 2166 contra
1123 2095 1253 2166 ducem
1271 2096 1482 2190 Burgundiae

420 2221 456 2280 et
478 2207 546 2279 sibi
568 2209 805 2302 adhaerentes,
830 2209 918 2281 nulli
941 2211 992 2282 rei
1014 2225 1162 2310 propter
1184 2209 1257 2282 hoc
1277 2210 1480 2310 parcendo,

419 2339 455 2396 et
471 2325 571 2421 quod
588 2348 775 2423 nunquam
793 2324 925 2398 faceret
941 2350 1008 2398 nec
1027 2326 1103 2397 lieri
1122 2327 1256 2398 faceret
1270 2337 1480 2416 tractatum,

420 2461 559 2541 pacem,
579 2442 773 2513 accordum
788 2442 846 2513 vel
863 2455 1246 2540 appunctuamentum,
1265 2454 1407 2538 treugas
1423 2466 1483 2515 seu

420 2556 671 2629 abstinentiam
691 2581 711 2628 a
732 2581 963 2654 guerrarum
985 2557 1115 2630 eodem
1138 2557 1230 2630 duce
1251 2557 1479 2654 Burgundiae3

420 2698 487 2745 nec
505 2673 591 2745 inde
612 2688 749 2746 teneret
767 2698 851 2745 cum
871 2673 992 2770 aliquo
1009 2673 1158 2746 verbum
1176 2699 1237 2746 seu
1260 2698 1480 2764 sermonem,

420 2815 487 2888 pro
508 2813 736 2889 quaerunque
760 2816 816 2884 re,
835 2814 915 2889 quae
936 2788 1015 2862 fieri
1037 2789 1093 2864 vel
1116 2791 1323 2889 contingere
1344 2806 1480 2889 posset,

461 2985 490 3040 l.
513 2985 554 3040 Le
566 2993 644 3041 texte
656 2980 692 3039 de
704 3000 738 3040 ce
752 2981 846 3054 traite,
861 2979 1010 3039 conforme
1024 2979 1190 3059 al'analyse
1204 3001 1262 3059 que
1274 3001 1311 3040 va
1325 3001 1362 3041 en
1373 2981 1484 3042 donner

420 3068 557 3145 l’auteur,
577 3070 667 3129 existe
689 3069 785 3148 parmi
801 3070 842 3128 les
860 3089 985 3148 preuves
1003 3073 1020 3127 a
1038 3069 1185 3129 l’Histoire
1204 3070 1240 3128 de
1256 3074 1431 3151 Bourgogne
1448 3071 1483 3130 de

419 3162 457 3219 D.
473 3159 615 3219 Plancher
628 3161 666 3231 (t.
682 3161 734 3232 IV,
751 3178 782 3236 p.
797 3158 914 3232 ccxcii).
930 3158 954 3216 ll
970 3172 1012 3217 est
1026 3157 1091 3217 date
1106 3158 1145 3217 dn
1162 3161 1200 3217 28
1214 3159 1374 3220 novembre
1387 3163 1482 3234 stru

421 3248 496 3308 donc
510 3247 531 3306 il
548 3251 597 3306 n’a
614 3266 665 3325 pas
682 3246 727 3304 cte
744 3245 795 3303 fait
812 3258 900 3305 avant
913 3245 941 3306 le
955 3245 1057 3328 depart
1072 3247 1109 3306 de
1122 3249 1274 3308 Warwicls.
1292 3250 1343 3310 s’it
1359 3251 1402 3309 fut
1416 3263 1482 3311 tenu

421 3348 529 3410 secret,
547 3355 581 3394 ce
598 3336 642 3392 lut
656 3335 845 3412 uniquement
858 3354 933 3414 pour
946 3355 983 3395 ne
996 3357 1048 3415 pas
1063 3337 1192 3416 choquer
1205 3338 1344 3418 l’opinion
1363 3360 1400 3400 en
1419 3347 1483 3401 An·

421 3423 561 3502 gleterre,
581 3425 621 3481 οὺ
638 3422 696 3481 l’on
711 3422 804 3481 aurait
817 3443 856 3482 vu
873 3421 909 3482 de
928 3425 1059 3485 mauvais
1071 3426 1118 3484 oeil
1135 3445 1192 3504 que
1212 3428 1240 3485 le
1255 3427 1356 3506 prince
1368 3432 1481 3510 s’enga·

422 3515 487 3592 gedt
501 3511 574 3570 ainsi
587 3523 686 3570 contre
700 3511 817 3571 Charles
833 3512 861 3571 le
874 3513 1053 3587 Teme'raire‚
1071 3515 1121 3593 qui
1137 3516 1238 3595 leignit
1257 3515 1379 3576 d'abord
1399 3517 1481 3598 d'ap·

422 3619 550 3679 prouver
570 3600 598 3659 la
615 3600 808 3659 restauration
829 3601 865 3659 de
886 3602 976 3662 Henri
992 3607 1040 3662 Vl.
1064 3609 1142 3662 Pour
1161 3605 1247 3664 Iouis
1263 3609 1324 3680 XI,
1341 3606 1361 3664 il
1376 3607 1481 3666 n’avait

421 3691 488 3772 plus
510 3695 527 3750 a
550 3689 652 3750 cacher
668 3710 720 3750 son
744 3691 870 3750 hostilite
893 3705 992 3751 contre
1012 3693 1039 3751 la
1059 3698 1231 3774 Bourgogne
1252 3717 1258 3752 :
1283 3695 1304 3752 il
1325 3697 1419 3755 s’ctait
1434 3697 1481 3756 fait

421 3779 514 3840 delier
531 3778 754 3859 publiquement
773 3781 809 3862 de
822 3793 926 3839 ¹tontes
946 3781 987 3841 les
1007 3780 1178 3862 obligations
1201 3783 1376 3844 contractors
1394 3789 1411 3843 a
1430 3786 1480 3844 Pe·

423 3891 531 3946 ronne,
553 3890 607 3949 par
624 3891 681 3928 une
702 3869 860 3930 assemble'e
874 3871 1031 3932 solennelle
1043 3873 1213 3951 convoquce
1225 3877 1242 3931 a
1253 3879 1360 3946 Tours,
1376 3878 1392 3933 a
1404 3875 1433 3934 la
1444 3877 1479 3934 lin

422 3962 458 4021 de
469 3957 641 4020 novembre.
656 3959 681 4016 ll
695 3972 736 4017 est
751 3961 869 4040 change
885 3979 943 4038 que
956 3959 1081 4020 l'auteur
1098 3962 1168 4020 n'ait
1185 3982 1236 4041 pas
1255 3963 1336 4042 parle
1355 3962 1391 4023 de
1408 3977 1479 4024 cette

421 4050 545 4110 reunion
558 4047 716 4127 polirique,
732 4049 783 4124 qui
796 4061 847 4107 eut
858 4069 899 4108 un
913 4049 1076 4127 tres-grand
1091 4051 1328 4110 retentissement.
1344 4057 1384 4111 Le
1398 4053 1478 4111 traitc

420 4158 492 4198 avec
504 4139 532 4199 le
546 4138 645 4218 prince
664 4134 700 4196 de
715 4135 812 4197 Galles
830 4150 889 4212 est,
905 4157 941 4197 en
956 4137 1081 4216 quelque
1094 4151 1189 4214 sorte,
1205 4139 1231 4199 le
1248 4141 1367 4200 resultat
1383 4141 1418 4200 de
1436 4160 1477 4201 ses

421 4227 634 4288 deliberations.
649 4227 719 4286 Voir
732 4227 760 4287 le
774 4241 851 4288 texte
862 4227 899 4288 de
910 4231 1072 4289 Commincs
1086 4243 1113 4288 ct
1125 4231 1167 4289 les
1179 4250 1303 4308 preuves
1316 4231 1351 4290 de
1363 4233 1478 4310 Lenglet

420 4319 596 4397 Dusresnoy,
612 4332 633 4377 t.
650 4323 710 4394 111,
726 4340 756 4399 p.
774 4323 823 4383 68.
