3384 5184
348 526 406 584 tot
620 524 879 586 msrottttttma
897 524 1077 584 mnovrct
1094 523 1138 583 XI

348 661 510 731 Romana
536 656 741 757 republica,
768 671 804 732 et
831 656 868 728 in
893 655 1013 754 regnis
1035 656 1190 730 Franciae
1213 669 1250 730 et
1276 659 1408 757 Angliae

346 790 455 873 atque
475 775 551 848 aliis
576 775 756 874 imperiis,
784 774 912 870 saepius
936 773 1148 870 contigisse,
1174 787 1249 846 tam
1271 798 1315 846 cx
1343 801 1409 849 vc-

346 889 480 996 teribus
519 915 627 988 quam
659 913 701 960 ex
736 887 1001 962 recentioribus
1032 888 1191 960 historiis
1225 887 1327 962 facile
1356 908 1409 966 est

344 1030 550 1105 agnoscere.
571 1010 645 1078 Cur
661 1020 799 1094 autem,
816 1019 853 1077 et
868 1004 937 1079 hac
953 1005 1046 1097 vice,
1068 1004 1140 1076 hoc
1154 1004 1303 1078 minime
1320 1031 1405 1080 con·

345 1123 487 1219 tigerit,
515 1147 599 1194 cum
622 1121 810 1194 reformari
832 1120 870 1193 in
893 1119 1021 1193 melius
1045 1118 1251 1219 reipublicae
1275 1134 1406 1200 statum

343 1252 450 1336 atque
486 1238 652 1310 ordinem
686 1237 952 1310 evidentissima
984 1250 1193 1334 exposceret
1216 1238 1407 1314 necessitas
1487 1322 1492 1330 ¹

342 1368 449 1450 atque
475 1354 627 1440 utilitas,
668 1353 765 1426 dicat
788 1353 850 1450 qui
883 1376 1100 1425 arcanorum
1127 1366 1163 1424 et
1185 1350 1407 1448 judiciorum

343 1470 600 1569 omnipotentis
624 1470 690 1541 Dei
710 1470 875 1542 conscius
901 1492 998 1560 esse,
1023 1467 1256 1540 strationem
1278 1493 1406 1542 eorum

342 1586 536 1682 intelligere
544 1586 748 1685 praesumit;
767 1607 847 1681 quae
860 1580 1025 1655 miranda
1036 1580 1184 1680 quidem
1194 1580 1300 1654 nobis
1313 1607 1404 1671 esse,

341 1715 377 1774 et
392 1725 563 1801 pavorem
580 1703 739 1798 incutere
759 1701 888 1774 merito
905 1697 1057 1791 debent,
1082 1712 1139 1792 ut,
1158 1698 1262 1796 juxta
1275 1700 1406 1774 exhor·

340 1819 512 1890 tationem
529 1819 709 1917 Apostoli,
729 1847 747 1886 u
766 1842 850 1889 cum
871 1831 972 1889 metu
995 1831 1032 1888 et
1058 1831 1215 1889 tremore
1243 1833 1406 1892 nostram

339 1932 491 2005 salutem
508 1955 715 2031 operemur,
731 1961 749 2002 2>
769 1931 918 2008 minime
934 1944 1056 2002 autem
1069 1931 1210 2002 curiose
1228 1929 1407 2006 discutere

328 2044 525 2122 debemus.
560 2053 665 2120 Forte
687 2047 786 2119 enim
805 2045 863 2136 bi,
876 2044 930 2146 {a}
947 2045 1080 2145 quibus
1100 2044 1169 2118 hac
1189 2045 1250 2119 via
1265 2048 1407 2122 consuli

337 2165 527 2262 potuisset,
547 2163 686 2261 indigni
702 2179 826 2257 erant,
844 2178 970 2237 ettam
988 2162 1150 2235 moribus
1167 2162 1347 2238 deformes
1363 2191 1407 2240 ac

336 2279 497 2378 reprobi,
516 2295 556 2352 ut
570 2281 698 2354 merito
715 2280 847 2354 talibus
862 2279 981 2354 adhuc
994 2278 1142 2378 flagellis
1159 2282 1278 2380 potius
1294 2285 1406 2357 casti-

337 2396 446 2492 gandi
475 2412 583 2496 atque
608 2397 798 2471 erudiendi
823 2411 969 2492 essent,
996 2397 1164 2496 qualibus
1192 2423 1257 2498 per
1273 2401 1406 2501 impios

337 2526 498 2610 regentes
524 2509 560 2587 et
588 2515 772 2588 ministros
800 2539 953 2612 regnum
979 2515 1134 2613 graviter
1165 2513 1403 2614 atterebatur,

336 2654 446 2727 quam
473 2632 571 2730 pacis
597 2647 634 2706 et
654 2633 796 2730 j'ustitiae
821 2647 929 2731 atque
955 2629 1129 2705 libertatis
1156 2633 1306 2707 sanitate
1337 2634 1406 2708 do-

336 2749 460 2822 nandi.
480 2750 619 2838 Quibus
634 2752 744 2824 etiam
765 2751 884 2847 gratiae
900 2748 1007 2822 donis
1024 2773 1087 2821 eos
1104 2745 1224 2822 forsan
1246 2749 1405 2850 ingratos

335 2859 495 2960 futuros,
514 2867 675 2965 et,.ipsis
693 2865 901 2960 abutendo,
920 2865 958 2937 in
975 2865 1252 2965 depravationes
1270 2883 1306 2942 et
1320 2893 1405 2944 cor-

334 2983 520 3082 ruptiones
536 2982 768 3082 prolapsuros
783 2996 820 3054 et
834 2982 992 3055 ruituros
1008 3006 1175 3077 morum,
1198 2983 1324 3058 oculus
1345 2985 1404 3062 ille

333 3097 494 3172 sublimis
510 3097 640 3172 divium
659 3096 895 3170 Providentiae
911 3097 1141 3196 praevidebat.
1162 3101 1235 3172 Nec
1249 3102 1400 3194 mirum,

331 3214 361 3286 si
382 3239 451 3314 pro
473 3228 621 3315 peceato
644 3229 680 3288 et
701 3215 855 3289 distorta
880 3216 1085 3314 aliquorum
1109 3217 1402 3318 exprincipibus

206 3423 210 3430 Ι
330 3354 552 3429 suorumque
582 3332 854 3404 consiliatorum
879 3332 1100 3427 intentione,
1125 3348 1265 3406 tantum
1285 3360 1401 3434 quan·

329 3462 430 3539 turn,
462 3451 525 3546 qui
553 3475 629 3524 non
660 3447 758 3523 aliud
790 3474 900 3549 quam
926 3451 1071 3548 justitiae
1104 3451 1401 3528 reformationem

329 3564 554 3664 quaerebant,
581 3564 842 3656 intendebant,
870 3567 1011 3640 bonum
1039 3567 1161 3641 divina
1181 3569 1320 3668 justitia
1343 3571 1400 3644 vel
1472 3589 1476 3596 '

327 3680 499 3754 subtraxit
526 3681 582 3755 vel
608 3683 772 3782 negavit,
796 3708 882 3756 cum
906 3685 1013 3758 unius
1030 3683 1151 3758 Acban
1168 3701 1319 3785 peccato
1337 3688 1399 3786 qui

326 3795 423 3868 solus
439 3793 486 3869 de
502 3797 728 3874 anathemate
740 3797 897 3892 iericho,
913 3798 1145 3872 inscientibus
1159 3825 1308 3898 prorsus
1330 3825 1400 3876 ete·

327 3915 434 4004 teris,
455 3929 636 4008 servarat,
655 3916 775 4009 multi,
797 3915 895 3990 bona
910 3941 975 3990 sua
991 3917 1192 3990 intentione
1210 3917 1369 3992 frustrati
1386 3975 1396 4010 ,

214 4104 221 4134 Ι
327 4042 411 4102 ante
432 4030 611 4104 civitatem
632 4031 697 4102 Hai
721 4029 842 4105 hostili
862 4029 980 4130 gladio
1005 4031 1172 4105 exstincti
1197 4029 1329 4108 fuerint
1355 4056 1398 4107 ac

326 4146 517 4244 perempti.

376 4263 420 4331 Et
444 4261 521 4335 haec
542 4286 612 4361 pro
634 4277 734 4336 tanto
757 4261 912 4336 diximus
938 4261 985 4335 ad
1007 4259 1241 4338 refellendam
1265 4265 1397 4340 multo·
