<?xml version="1.0" encoding="UTF-8"?>
<!DOCTYPE html PUBLIC "-//W3C//DTD XHTML 1.0 Transitional//EN"
    "http://www.w3.org/TR/xhtml1/DTD/xhtml1-transitional.dtd">
<html xmlns="http://www.w3.org/1999/xhtml" xml:lang="en" lang="en">
 <head>
  <title>
</title>
<meta http-equiv="Content-Type" content="text/html;charset=utf-8" />
  <meta name='ocr-system' content='tesseract 3.04.00' />
  <meta name='ocr-capabilities' content='ocr_page ocr_carea ocr_par ocr_line ocrx_word'/>
</head>
<body>
  <div class='ocr_page' id='page_1' title='image "./histoiredesrgne02amelgoog_0212.png"; bbox 0 0 3402 5186; ppageno 0'>
   <div class='ocr_carea' id='block_1_1' title="bbox 665 493 1330 558">
    <p class='ocr_par' dir='ltr' id='par_1_1' title="bbox 665 493 1330 558">
     <span class='ocr_line' id='line_1_1' title="bbox 665 493 1330 558; baseline -0.009 -5"><span class='ocrx_word' id='word_1_1' title='bbox 665 497 776 553; x_wconf 79' lang='lat' dir='ltr'>LIBER</span> <span class='ocrx_word' id='word_1_2' title='bbox 794 493 943 551; x_wconf 76' lang='lat' dir='ltr'>PRIMUS.</span> <span class='ocrx_word' id='word_1_3' title='bbox 1298 502 1330 558; x_wconf 72' lang='lat'><strong>91</strong></span> 
     </span>
    </p>
   </div>
   <div class='ocr_carea' id='block_1_2' title="bbox 155 624 1435 3858">
    <p class='ocr_par' dir='ltr' id='par_1_2' title="bbox 155 624 1435 3858">
     <span class='ocr_line' id='line_1_2' title="bbox 275 624 1337 729; baseline -0.001 -25"><span class='ocrx_word' id='word_1_4' title='bbox 275 646 344 721; x_wconf 92' lang='lat' dir='ltr'><strong>tos,</strong></span> <span class='ocrx_word' id='word_1_5' title='bbox 361 627 458 702; x_wconf 89' lang='lat' dir='ltr'><strong>dicto</strong></span> <span class='ocrx_word' id='word_1_6' title='bbox 472 626 518 700; x_wconf 96' lang='lat' dir='ltr'><strong>de</strong></span> <span class='ocrx_word' id='word_1_7' title='bbox 534 626 731 700; x_wconf 73' lang='lat' dir='ltr'><strong>Morvilldrr</strong></span> <span class='ocrx_word' id='word_1_8' title='bbox 747 624 899 701; x_wconf 83' lang='lat' dir='ltr'><strong>verbum</strong></span> <span class='ocrx_word' id='word_1_9' title='bbox 914 625 1077 720; x_wconf 83' lang='lat' dir='ltr'><strong>faciente,</strong></span> <span class='ocrx_word' id='word_1_10' title='bbox 1097 628 1195 729; x_wconf 89' lang='lat' dir='ltr'><strong>apud</strong></span> <span class='ocrx_word' id='word_1_11' title='bbox 1207 627 1337 704; x_wconf 89' lang='lat' dir='ltr'><strong>ducem</strong></span> 
     </span>
     <span class='ocr_line' id='line_1_3' title="bbox 274 742 1337 844; baseline 0.001 -24"><span class='ocrx_word' id='word_1_12' title='bbox 274 742 500 844; x_wconf 80' lang='lat' dir='ltr'><strong>Burgundiae,</strong></span> <span class='ocrx_word' id='word_1_13' title='bbox 519 745 555 816; x_wconf 93' lang='lat' dir='ltr'><strong>in</strong></span> <span class='ocrx_word' id='word_1_14' title='bbox 574 743 711 844; x_wconf 91' lang='lat' dir='ltr'><strong>oppido</strong></span> <span class='ocrx_word' id='word_1_15' title='bbox 735 767 803 816; x_wconf 87' lang='lat' dir='ltr'><strong>suo</strong></span> <span class='ocrx_word' id='word_1_16' title='bbox 828 743 1003 818; x_wconf 86' lang='lat' dir='ltr'><strong>insulensi</strong></span> <span class='ocrx_word' id='word_1_17' title='bbox 1019 745 1248 818; x_wconf 80' lang='lat' dir='ltr'><strong>exsistentem</strong></span> <span class='ocrx_word' id='word_1_18' title='bbox 1264 771 1337 821; x_wconf 90' lang='lat' dir='ltr'><strong>una</strong></span> 
     </span>
     <span class='ocr_line' id='line_1_4' title="bbox 273 857 1338 958; baseline -0.004 -22"><span class='ocrx_word' id='word_1_19' title='bbox 273 887 358 936; x_wconf 90' lang='lat' dir='ltr'><strong>cum</strong></span> <span class='ocrx_word' id='word_1_20' title='bbox 374 858 521 958; x_wconf 83' lang='lat' dir='ltr'><strong>praeiato</strong></span> <span class='ocrx_word' id='word_1_21' title='bbox 538 859 669 932; x_wconf 82' lang='lat' dir='ltr'><strong>comite</strong></span> <span class='ocrx_word' id='word_1_22' title='bbox 690 858 735 932; x_wconf 89' lang='lat' dir='ltr'><strong>de</strong></span> <span class='ocrx_word' id='word_1_23' title='bbox 758 857 958 951; x_wconf 78' lang='lat' dir='ltr'><strong>Charoloz&#39;s,</strong></span> <span class='ocrx_word' id='word_1_24' title='bbox 981 857 1056 930; x_wconf 85' lang='lat' dir='ltr'><strong>filio</strong></span> <span class='ocrx_word' id='word_1_25' title='bbox 1076 883 1163 951; x_wconf 88' lang='lat' dir='ltr'><strong>sun,</strong></span> <span class='ocrx_word' id='word_1_26' title='bbox 1185 862 1338 958; x_wconf 85' lang='lat' dir='ltr'><strong>graviter</strong></span> 
     </span>
     <span class='ocr_line' id='line_1_5' title="bbox 273 975 1336 1074; baseline -0.002 -22"><span class='ocrx_word' id='word_1_27' title='bbox 273 979 319 1052; x_wconf 91' lang='lat' dir='ltr'><strong>de</strong></span> <span class='ocrx_word' id='word_1_28' title='bbox 342 975 472 1050; x_wconf 91' lang='lat' dir='ltr'><strong>eodem</strong></span> <span class='ocrx_word' id='word_1_29' title='bbox 497 977 645 1069; x_wconf 82' lang='lat' dir='ltr'><strong>comite,</strong></span> <span class='ocrx_word' id='word_1_30' title='bbox 671 988 748 1046; x_wconf 92' lang='lat' dir='ltr'><strong>tum</strong></span> <span class='ocrx_word' id='word_1_31' title='bbox 772 989 962 1074; x_wconf 78' lang='lat' dir='ltr'><strong>praesente,</strong></span> <span class='ocrx_word' id='word_1_32' title='bbox 989 975 1232 1072; x_wconf 88' lang='lat' dir='ltr'><strong>querebatur:</strong></span> <span class='ocrx_word' id='word_1_33' title='bbox 1251 1002 1336 1050; x_wconf 89' lang='lat' dir='ltr'><strong>eum</strong></span> 
     </span>
     <span class='ocr_line' id='line_1_6' title="bbox 273 1090 1337 1193; baseline 0.001 -26"><span class='ocrx_word' id='word_1_34' title='bbox 273 1093 432 1168; x_wconf 90' lang='lat' dir='ltr'><strong>criminis</strong></span> <span class='ocrx_word' id='word_1_35' title='bbox 445 1093 534 1164; x_wconf 85' lang='lat' dir='ltr'><strong>laesae</strong></span> <span class='ocrx_word' id='word_1_36' title='bbox 550 1091 740 1188; x_wconf 86' lang='lat' dir='ltr'><strong>majestatis</strong></span> <span class='ocrx_word' id='word_1_37' title='bbox 753 1105 877 1189; x_wconf 90' lang='lat' dir='ltr'><strong>aperte</strong></span> <span class='ocrx_word' id='word_1_38' title='bbox 891 1090 1117 1180; x_wconf 75' lang='lat' dir='ltr'><strong>insimulanS,</strong></span> <span class='ocrx_word' id='word_1_39' title='bbox 1134 1093 1234 1190; x_wconf 94' lang='lat' dir='ltr'><strong>quod</strong></span> <span class='ocrx_word' id='word_1_40' title='bbox 1247 1119 1337 1193; x_wconf 73' lang='lat' dir='ltr'><strong>prae·</strong></span> 
     </span>
     <span class='ocr_line' id='line_1_7' title="bbox 274 1205 1338 1308; baseline 0.001 -26"><span class='ocrx_word' id='word_1_41' title='bbox 274 1209 386 1284; x_wconf 87' lang='lat' dir='ltr'><strong>fatum</strong></span> <span class='ocrx_word' id='word_1_42' title='bbox 403 1207 613 1281; x_wconf 88' lang='lat' dir='ltr'><strong>Bastardum</strong></span> <span class='ocrx_word' id='word_1_43' title='bbox 628 1207 674 1280; x_wconf 92' lang='lat' dir='ltr'><strong>de</strong></span> <span class='ocrx_word' id='word_1_44' title='bbox 687 1205 886 1304; x_wconf 76' lang='lat' dir='ltr'><strong>Rnbemprd</strong></span> <span class='ocrx_word' id='word_1_45' title='bbox 894 1231 1050 1304; x_wconf 90' lang='lat' dir='ltr'><strong>suosque</strong></span> <span class='ocrx_word' id='word_1_46' title='bbox 1066 1207 1228 1300; x_wconf 89' lang='lat' dir='ltr'><strong>comites,</strong></span> <span class='ocrx_word' id='word_1_47' title='bbox 1247 1211 1338 1308; x_wconf 83' lang='lat' dir='ltr'><strong>regis</strong></span> 
     </span>
     <span class='ocr_line' id='line_1_8' title="bbox 274 1322 1339 1424; baseline 0 -26"><span class='ocrx_word' id='word_1_48' title='bbox 274 1325 462 1398; x_wconf 86' lang='lat' dir='ltr'><strong>servitores</strong></span> <span class='ocrx_word' id='word_1_49' title='bbox 485 1337 521 1396; x_wconf 90' lang='lat' dir='ltr'><strong>et</strong></span> <span class='ocrx_word' id='word_1_50' title='bbox 543 1324 690 1416; x_wconf 91' lang='lat' dir='ltr'><strong>missos,</strong></span> <span class='ocrx_word' id='word_1_51' title='bbox 717 1335 890 1394; x_wconf 88' lang='lat' dir='ltr'><strong>arrestare</strong></span> <span class='ocrx_word' id='word_1_52' title='bbox 912 1335 947 1394; x_wconf 92' lang='lat' dir='ltr'><strong>et</strong></span> <span class='ocrx_word' id='word_1_53' title='bbox 968 1322 1007 1394; x_wconf 89' lang='lat' dir='ltr'><strong>in</strong></span> <span class='ocrx_word' id='word_1_54' title='bbox 1030 1347 1210 1396; x_wconf 85' lang='lat' dir='ltr'><strong>carcerem</strong></span> <span class='ocrx_word' id='word_1_55' title='bbox 1231 1340 1339 1424; x_wconf 89' lang='lat' dir='ltr'><strong>atque</strong></span> 
     </span>
     <span class='ocr_line' id='line_1_9' title="bbox 274 1438 1340 1538; baseline 0.004 -26"><span class='ocrx_word' id='word_1_56' title='bbox 274 1440 416 1512; x_wconf 86' lang='lat' dir='ltr'><strong>vincula</strong></span> <span class='ocrx_word' id='word_1_57' title='bbox 433 1440 571 1512; x_wconf 91' lang='lat' dir='ltr'><strong>mittere</strong></span> <span class='ocrx_word' id='word_1_58' title='bbox 587 1438 884 1538; x_wconf 84' lang='lat' dir='ltr'><strong>praesumpsisset;</strong></span> <span class='ocrx_word' id='word_1_59' title='bbox 900 1463 938 1510; x_wconf 90' lang='lat' dir='ltr'><strong>se</strong></span> <span class='ocrx_word' id='word_1_60' title='bbox 950 1438 1137 1512; x_wconf 87' lang='lat' dir='ltr'><strong>subditum</strong></span> <span class='ocrx_word' id='word_1_61' title='bbox 1151 1465 1193 1513; x_wconf 89' lang='lat' dir='ltr'><strong>ac</strong></span> <span class='ocrx_word' id='word_1_62' title='bbox 1206 1443 1340 1516; x_wconf 90' lang='lat' dir='ltr'><strong>vassal-</strong></span> 
     </span>
     <span class='ocr_line' id='line_1_10' title="bbox 274 1552 1339 1655; baseline 0.001 -27"><span class='ocrx_word' id='word_1_63' title='bbox 274 1554 349 1628; x_wconf 86' lang='lat' dir='ltr'><strong>lum</strong></span> <span class='ocrx_word' id='word_1_64' title='bbox 365 1556 456 1652; x_wconf 88' lang='lat' dir='ltr'><strong>regis</strong></span> <span class='ocrx_word' id='word_1_65' title='bbox 472 1578 666 1652; x_wconf 82' lang='lat' dir='ltr'><strong>agnoscere</strong></span> <span class='ocrx_word' id='word_1_66' title='bbox 683 1552 832 1642; x_wconf 89' lang='lat' dir='ltr'><strong>debere,</strong></span> <span class='ocrx_word' id='word_1_67' title='bbox 853 1568 904 1646; x_wconf 91' lang='lat' dir='ltr'><strong>et,</strong></span> <span class='ocrx_word' id='word_1_68' title='bbox 926 1579 990 1652; x_wconf 92' lang='lat' dir='ltr'><strong>per</strong></span> <span class='ocrx_word' id='word_1_69' title='bbox 1005 1553 1093 1646; x_wconf 89' lang='lat' dir='ltr'><strong>hoc,</strong></span> <span class='ocrx_word' id='word_1_70' title='bbox 1111 1569 1247 1628; x_wconf 90' lang='lat' dir='ltr'><strong>tantam</strong></span> <span class='ocrx_word' id='word_1_71' title='bbox 1265 1559 1339 1655; x_wconf 86' lang='lat' dir='ltr'><strong>regi</strong></span> 
     </span>
     <span class='ocr_line' id='line_1_11' title="bbox 236 1669 1435 1770; baseline 0 -26"><span class='ocrx_word' id='word_1_72' title='bbox 236 1697 240 1712; x_wconf 87' lang='lat'><strong>·</strong></span> <span class='ocrx_word' id='word_1_73' title='bbox 274 1683 311 1744; x_wconf 90' lang='lat' dir='ltr'><strong>et</strong></span> <span class='ocrx_word' id='word_1_74' title='bbox 333 1670 485 1744; x_wconf 90' lang='lat' dir='ltr'><strong>domino</strong></span> <span class='ocrx_word' id='word_1_75' title='bbox 503 1695 569 1743; x_wconf 89' lang='lat' dir='ltr'><strong>suo</strong></span> <span class='ocrx_word' id='word_1_76' title='bbox 586 1694 757 1770; x_wconf 78' lang='lat' dir='ltr'><strong>supremo</strong></span> <span class='ocrx_word' id='word_1_77' title='bbox 776 1669 943 1766; x_wconf 88' lang='lat' dir='ltr'><strong>injuriam</strong></span> <span class='ocrx_word' id='word_1_78' title='bbox 961 1670 1135 1766; x_wconf 86' lang='lat' dir='ltr'><strong>irrogare,</strong></span> <span class='ocrx_word' id='word_1_79' title='bbox 1156 1686 1195 1744; x_wconf 91' lang='lat' dir='ltr'><strong>ut</strong></span> <span class='ocrx_word' id='word_1_80' title='bbox 1212 1672 1339 1746; x_wconf 89' lang='lat' dir='ltr'><strong>missos</strong></span> <span class='ocrx_word' id='word_1_81' title='bbox 1433 1710 1435 1715; x_wconf 95' lang='lat'>·</span> 
     </span>
     <span class='ocr_line' id='line_1_12' title="bbox 274 1777 1340 1885; baseline 0.003 -26"><span class='ocrx_word' id='word_1_82' title='bbox 274 1813 358 1860; x_wconf 91' lang='lat' dir='ltr'><strong>suos</strong></span> <span class='ocrx_word' id='word_1_83' title='bbox 380 1789 416 1860; x_wconf 90' lang='lat' dir='ltr'><strong>in</strong></span> <span class='ocrx_word' id='word_1_84' title='bbox 437 1777 619 1862; x_wconf 88' lang='lat' dir='ltr'><strong>carcerem</strong></span> <span class='ocrx_word' id='word_1_85' title='bbox 638 1803 673 1861; x_wconf 91' lang='lat' dir='ltr'><strong>et</strong></span> <span class='ocrx_word' id='word_1_86' title='bbox 695 1789 839 1860; x_wconf 85' lang='lat' dir='ltr'><strong>vincula</strong></span> <span class='ocrx_word' id='word_1_87' title='bbox 860 1788 1073 1885; x_wconf 87' lang='lat' dir='ltr'><strong>conjiceret,</strong></span> <span class='ocrx_word' id='word_1_88' title='bbox 1097 1790 1247 1862; x_wconf 91' lang='lat' dir='ltr'><strong>minime</strong></span> <span class='ocrx_word' id='word_1_89' title='bbox 1272 1789 1340 1862; x_wconf 90' lang='lat' dir='ltr'><strong>sibi</strong></span> 
     </span>
     <span class='ocr_line' id='line_1_13' title="bbox 274 1903 1339 2004; baseline 0.004 -30"><span class='ocrx_word' id='word_1_90' title='bbox 274 1917 449 1977; x_wconf 88' lang='lat' dir='ltr'><strong>attentare</strong></span> <span class='ocrx_word' id='word_1_91' title='bbox 462 1903 618 1978; x_wconf 90' lang='lat' dir='ltr'><strong>licuisse.</strong></span> <span class='ocrx_word' id='word_1_92' title='bbox 634 1903 778 1976; x_wconf 88' lang='lat' dir='ltr'><strong>Diluere</strong></span> <span class='ocrx_word' id='word_1_93' title='bbox 796 1917 916 1976; x_wconf 87' lang='lat' dir='ltr'><strong>autem</strong></span> <span class='ocrx_word' id='word_1_94' title='bbox 933 1903 1083 1976; x_wconf 89' lang='lat' dir='ltr'><strong>studens</strong></span> <span class='ocrx_word' id='word_1_95' title='bbox 1097 1906 1339 2004; x_wconf 90' lang='lat' dir='ltr'><strong>suspicionem</strong></span> 
     </span>
     <span class='ocr_line' id='line_1_14' title="bbox 274 2019 1340 2122; baseline 0.005 -31"><span class='ocrx_word' id='word_1_96' title='bbox 274 2020 502 2110; x_wconf 91' lang='lat' dir='ltr'><strong>insidiarum,</strong></span> <span class='ocrx_word' id='word_1_97' title='bbox 521 2021 568 2095; x_wconf 90' lang='lat' dir='ltr'><strong>de</strong></span> <span class='ocrx_word' id='word_1_98' title='bbox 584 2045 655 2121; x_wconf 89' lang='lat' dir='ltr'><strong>qua</strong></span> <span class='ocrx_word' id='word_1_99' title='bbox 674 2022 878 2093; x_wconf 90' lang='lat' dir='ltr'><strong>communis</strong></span> <span class='ocrx_word' id='word_1_100' title='bbox 897 2019 1032 2117; x_wconf 92' lang='lat' dir='ltr'><strong>ubique</strong></span> <span class='ocrx_word' id='word_1_101' title='bbox 1049 2046 1169 2095; x_wconf 90' lang='lat' dir='ltr'><strong>sermo</strong></span> <span class='ocrx_word' id='word_1_102' title='bbox 1187 2037 1340 2122; x_wconf 90' lang='lat' dir='ltr'><strong>perstre-</strong></span> 
     </span>
     <span class='ocr_line' id='line_1_15' title="bbox 274 2135 1338 2238; baseline 0.005 -30"><span class='ocrx_word' id='word_1_103' title='bbox 274 2136 399 2234; x_wconf 91' lang='lat' dir='ltr'><strong>pebat,</strong></span> <span class='ocrx_word' id='word_1_104' title='bbox 419 2135 560 2209; x_wconf 91' lang='lat' dir='ltr'><strong>dicebat</strong></span> <span class='ocrx_word' id='word_1_105' title='bbox 574 2138 740 2238; x_wconf 84' lang='lat' dir='ltr'><strong>praelatos</strong></span> <span class='ocrx_word' id='word_1_106' title='bbox 757 2162 832 2210; x_wconf 91' lang='lat' dir='ltr'><strong>non</strong></span> <span class='ocrx_word' id='word_1_107' title='bbox 849 2137 895 2208; x_wconf 94' lang='lat' dir='ltr'><strong>ad</strong></span> <span class='ocrx_word' id='word_1_108' title='bbox 913 2137 1261 2236; x_wconf 91' lang='lat' dir='ltr'><strong>apprehendendum</strong></span> <span class='ocrx_word' id='word_1_109' title='bbox 1277 2164 1338 2213; x_wconf 90' lang='lat' dir='ltr'><strong>co·</strong></span> 
     </span>
     <span class='ocr_line' id='line_1_16' title="bbox 274 2250 1339 2351; baseline 0.004 -28"><span class='ocrx_word' id='word_1_110' title='bbox 274 2253 399 2324; x_wconf 91' lang='lat' dir='ltr'><strong>mitem</strong></span> <span class='ocrx_word' id='word_1_111' title='bbox 427 2251 473 2324; x_wconf 93' lang='lat' dir='ltr'><strong>de</strong></span> <span class='ocrx_word' id='word_1_112' title='bbox 503 2253 706 2340; x_wconf 79' lang='lat' dir='ltr'><strong>Charolois,</strong></span> <span class='ocrx_word' id='word_1_113' title='bbox 738 2277 802 2324; x_wconf 88' lang='lat' dir='ltr'><strong>seu</strong></span> <span class='ocrx_word' id='word_1_114' title='bbox 834 2250 1033 2351; x_wconf 90' lang='lat' dir='ltr'><strong>quidquam</strong></span> <span class='ocrx_word' id='word_1_115' title='bbox 1061 2255 1094 2326; x_wconf 92' lang='lat' dir='ltr'><strong>ei</strong></span> <span class='ocrx_word' id='word_1_116' title='bbox 1131 2254 1339 2328; x_wconf 90' lang='lat' dir='ltr'><strong>nocendum</strong></span> 
     </span>
     <span class='ocr_line' id='line_1_17' title="bbox 275 2355 1340 2467; baseline 0.003 -28"><span class='ocrx_word' id='word_1_117' title='bbox 275 2355 381 2440; x_wconf 81' lang='lat' dir='ltr'><strong>luisse</strong></span> <span class='ocrx_word' id='word_1_118' title='bbox 410 2367 607 2440; x_wconf 88' lang='lat' dir='ltr'><strong>destinatos</strong></span> <span class='ocrx_word' id='word_1_119' title='bbox 636 2392 700 2467; x_wconf 90' lang='lat' dir='ltr'><strong>per</strong></span> <span class='ocrx_word' id='word_1_120' title='bbox 728 2392 871 2465; x_wconf 85' lang='lat' dir='ltr'><strong>regem;</strong></span> <span class='ocrx_word' id='word_1_121' title='bbox 907 2369 969 2441; x_wconf 92' lang='lat' dir='ltr'><strong>sed</strong></span> <span class='ocrx_word' id='word_1_122' title='bbox 999 2369 1084 2465; x_wconf 93' lang='lat' dir='ltr'><strong>quia</strong></span> <span class='ocrx_word' id='word_1_123' title='bbox 1116 2383 1250 2442; x_wconf 88' lang='lat' dir='ltr'><strong>certam</strong></span> <span class='ocrx_word' id='word_1_124' title='bbox 1278 2394 1340 2442; x_wconf 88' lang='lat' dir='ltr'><strong>rex</strong></span> 
     </span>
     <span class='ocr_line' id='line_1_18' title="bbox 273 2483 1340 2584; baseline 0.001 -27"><span class='ocrx_word' id='word_1_125' title='bbox 273 2483 429 2558; x_wconf 89' lang='lat' dir='ltr'><strong>habebat</strong></span> <span class='ocrx_word' id='word_1_126' title='bbox 450 2485 614 2557; x_wconf 88' lang='lat' dir='ltr'><strong>notitiam</strong></span> <span class='ocrx_word' id='word_1_127' title='bbox 630 2483 730 2582; x_wconf 90' lang='lat' dir='ltr'><strong>quod</strong></span> <span class='ocrx_word' id='word_1_128' title='bbox 747 2484 819 2555; x_wconf 88' lang='lat' dir='ltr'><strong>dux</strong></span> <span class='ocrx_word' id='word_1_129' title='bbox 837 2484 1026 2556; x_wconf 85' lang='lat' dir='ltr'><strong>Britanniae</strong></span> <span class='ocrx_word' id='word_1_130' title='bbox 1041 2486 1184 2558; x_wconf 90' lang='lat' dir='ltr'><strong>miserat</strong></span> <span class='ocrx_word' id='word_1_131' title='bbox 1199 2485 1340 2584; x_wconf 90' lang='lat' dir='ltr'><strong>aliquos</strong></span> 
     </span>
     <span class='ocr_line' id='line_1_19' title="bbox 274 2599 1340 2700; baseline 0 -28"><span class='ocrx_word' id='word_1_132' title='bbox 274 2601 320 2674; x_wconf 95' lang='lat' dir='ltr'><strong>de</strong></span> <span class='ocrx_word' id='word_1_133' title='bbox 344 2600 417 2672; x_wconf 89' lang='lat' dir='ltr'><strong>suis</strong></span> <span class='ocrx_word' id='word_1_134' title='bbox 440 2601 478 2673; x_wconf 92' lang='lat' dir='ltr'><strong>in</strong></span> <span class='ocrx_word' id='word_1_135' title='bbox 501 2599 682 2696; x_wconf 78' lang='lat' dir='ltr'><strong>Angliam,</strong></span> <span class='ocrx_word' id='word_1_136' title='bbox 707 2599 872 2696; x_wconf 84' lang='lat' dir='ltr'><strong>quaedam</strong></span> <span class='ocrx_word' id='word_1_137' title='bbox 898 2600 1064 2671; x_wconf 89' lang='lat' dir='ltr'><strong>insnum</strong></span> <span class='ocrx_word' id='word_1_138' title='bbox 1089 2602 1262 2700; x_wconf 85' lang='lat' dir='ltr'><strong>regnique</strong></span> <span class='ocrx_word' id='word_1_139' title='bbox 1286 2601 1340 2672; x_wconf 90' lang='lat' dir='ltr'><strong>sui</strong></span> 
     </span>
     <span class='ocr_line' id='line_1_20' title="bbox 274 2715 1339 2816; baseline 0.003 -27"><span class='ocrx_word' id='word_1_140' title='bbox 274 2716 521 2816; x_wconf 78' lang='lat' dir='ltr'><strong>praejudicium</strong></span> <span class='ocrx_word' id='word_1_141' title='bbox 542 2715 731 2789; x_wconf 90' lang='lat' dir='ltr'><strong>molituros</strong></span> <span class='ocrx_word' id='word_1_142' title='bbox 752 2718 830 2814; x_wconf 89' lang='lat' dir='ltr'><strong>(qui</strong></span> <span class='ocrx_word' id='word_1_143' title='bbox 853 2715 898 2789; x_wconf 97' lang='lat' dir='ltr'><strong>de</strong></span> <span class='ocrx_word' id='word_1_144' title='bbox 916 2717 1082 2816; x_wconf 88' lang='lat' dir='ltr'><strong>proximo</strong></span> <span class='ocrx_word' id='word_1_145' title='bbox 1105 2716 1189 2789; x_wconf 92' lang='lat' dir='ltr'><strong>inde</strong></span> <span class='ocrx_word' id='word_1_146' title='bbox 1209 2719 1339 2792; x_wconf 89' lang='lat' dir='ltr'><strong>reverti</strong></span> 
     </span>
     <span class='ocr_line' id='line_1_21' title="bbox 274 2831 1339 2934; baseline -0.003 -28"><span class='ocrx_word' id='word_1_147' title='bbox 274 2831 467 2926; x_wconf 91' lang='lat' dir='ltr'><strong>deberent,</strong></span> <span class='ocrx_word' id='word_1_148' title='bbox 487 2847 522 2905; x_wconf 94' lang='lat' dir='ltr'><strong>et</strong></span> <span class='ocrx_word' id='word_1_149' title='bbox 537 2858 603 2934; x_wconf 91' lang='lat' dir='ltr'><strong>per</strong></span> <span class='ocrx_word' id='word_1_150' title='bbox 619 2833 788 2904; x_wconf 88' lang='lat' dir='ltr'><strong>comitem</strong></span> <span class='ocrx_word' id='word_1_151' title='bbox 802 2832 848 2904; x_wconf 95' lang='lat' dir='ltr'><strong>de</strong></span> <span class='ocrx_word' id='word_1_152' title='bbox 866 2832 1052 2904; x_wconf 71' lang='lat' dir='ltr'><strong>fflzurolois</strong></span> <span class='ocrx_word' id='word_1_153' title='bbox 1064 2834 1101 2903; x_wconf 90' lang='lat' dir='ltr'><strong>in</strong></span> <span class='ocrx_word' id='word_1_154' title='bbox 1120 2832 1339 2904; x_wconf 86' lang='lat' dir='ltr'><strong>Britanniam</strong></span> 
     </span>
     <span class='ocr_line' id='line_1_22' title="bbox 155 2946 1336 3050; baseline -0.004 -28"><span class='ocrx_word' id='word_1_155' title='bbox 155 3035 164 3050; x_wconf 46' lang='lat'><strong>·</strong></span> <span class='ocrx_word' id='word_1_156' title='bbox 274 2949 461 3047; x_wconf 89' lang='lat' dir='ltr'><strong>remeare),</strong></span> <span class='ocrx_word' id='word_1_157' title='bbox 474 2963 664 3048; x_wconf 89' lang='lat' dir='ltr'><strong>propterea</strong></span> <span class='ocrx_word' id='word_1_158' title='bbox 682 2948 830 3020; x_wconf 89' lang='lat' dir='ltr'><strong>misisset</strong></span> <span class='ocrx_word' id='word_1_159' title='bbox 850 2947 1057 3020; x_wconf 86' lang='lat' dir='ltr'><strong>Bastardum</strong></span> <span class='ocrx_word' id='word_1_160' title='bbox 1069 2947 1114 3022; x_wconf 93' lang='lat' dir='ltr'><strong>de</strong></span> <span class='ocrx_word' id='word_1_161' title='bbox 1129 2946 1336 3046; x_wconf 83' lang='lat' dir='ltr'><strong>Rubempre&#39;,</strong></span> 
     </span>
     <span class='ocr_line' id='line_1_23' title="bbox 275 3062 1341 3162; baseline -0.004 -24"><span class='ocrx_word' id='word_1_162' title='bbox 275 3065 323 3139; x_wconf 90' lang='lat' dir='ltr'><strong>ad</strong></span> <span class='ocrx_word' id='word_1_163' title='bbox 342 3064 626 3138; x_wconf 89' lang='lat' dir='ltr'><strong>collustrandum</strong></span> <span class='ocrx_word' id='word_1_164' title='bbox 645 3076 681 3136; x_wconf 92' lang='lat' dir='ltr'><strong>et</strong></span> <span class='ocrx_word' id='word_1_165' title='bbox 695 3064 963 3162; x_wconf 81' lang='lat' dir='ltr'><strong>pervagandum</strong></span> <span class='ocrx_word' id='word_1_166' title='bbox 982 3062 1120 3137; x_wconf 88' lang='lat' dir='ltr'><strong>diversa</strong></span> <span class='ocrx_word' id='word_1_167' title='bbox 1141 3063 1222 3135; x_wconf 90' lang='lat' dir='ltr'><strong>loca</strong></span> <span class='ocrx_word' id='word_1_168' title='bbox 1239 3064 1341 3134; x_wconf 88' lang='lat' dir='ltr'><strong>navi-</strong></span> 
     </span>
     <span class='ocr_line' id='line_1_24' title="bbox 276 3178 1340 3279; baseline 0 -26"><span class='ocrx_word' id='word_1_169' title='bbox 276 3182 352 3278; x_wconf 86' lang='lat' dir='ltr'><strong>gio,</strong></span> <span class='ocrx_word' id='word_1_170' title='bbox 379 3194 571 3279; x_wconf 87' lang='lat' dir='ltr'><strong>quatenus,</strong></span> <span class='ocrx_word' id='word_1_171' title='bbox 600 3180 629 3250; x_wconf 91' lang='lat' dir='ltr'><strong>si</strong></span> <span class='ocrx_word' id='word_1_172' title='bbox 654 3179 740 3252; x_wconf 91' lang='lat' dir='ltr'><strong>dicti</strong></span> <span class='ocrx_word' id='word_1_173' title='bbox 765 3179 868 3252; x_wconf 92' lang='lat' dir='ltr'><strong>ducis</strong></span> <span class='ocrx_word' id='word_1_174' title='bbox 892 3179 1027 3278; x_wconf 82' lang='lat' dir='ltr'><strong>legatos</strong></span> <span class='ocrx_word' id='word_1_175' title='bbox 1052 3179 1181 3251; x_wconf 87' lang='lat' dir='ltr'><strong>obvios</strong></span> <span class='ocrx_word' id='word_1_176' title='bbox 1205 3178 1340 3253; x_wconf 92' lang='lat' dir='ltr'><strong>habere</strong></span> 
     </span>
     <span class='ocr_line' id='line_1_25' title="bbox 274 3294 1341 3395; baseline -0.001 -26"><span class='ocrx_word' id='word_1_177' title='bbox 274 3311 411 3395; x_wconf 87' lang='lat' dir='ltr'><strong>posset,</strong></span> <span class='ocrx_word' id='word_1_178' title='bbox 431 3321 492 3369; x_wconf 90' lang='lat' dir='ltr'><strong>eos</strong></span> <span class='ocrx_word' id='word_1_179' title='bbox 508 3294 795 3394; x_wconf 88' lang='lat' dir='ltr'><strong>apprehenderet</strong></span> <span class='ocrx_word' id='word_1_180' title='bbox 810 3310 846 3367; x_wconf 93' lang='lat' dir='ltr'><strong>et</strong></span> <span class='ocrx_word' id='word_1_181' title='bbox 859 3295 1005 3368; x_wconf 88' lang='lat' dir='ltr'><strong>duceret</strong></span> <span class='ocrx_word' id='word_1_182' title='bbox 1019 3295 1065 3368; x_wconf 95' lang='lat' dir='ltr'><strong>ad</strong></span> <span class='ocrx_word' id='word_1_183' title='bbox 1081 3319 1219 3391; x_wconf 85' lang='lat' dir='ltr'><strong>regem,</strong></span> <span class='ocrx_word' id='word_1_184' title='bbox 1239 3295 1341 3392; x_wconf 90' lang='lat' dir='ltr'><strong>cujus</strong></span> 
     </span>
     <span class='ocr_line' id='line_1_26' title="bbox 275 3410 1340 3513; baseline -0.003 -26"><span class='ocrx_word' id='word_1_185' title='bbox 275 3438 351 3487; x_wconf 92' lang='lat' dir='ltr'><strong>non</strong></span> <span class='ocrx_word' id='word_1_186' title='bbox 375 3437 488 3513; x_wconf 88' lang='lat' dir='ltr'><strong>parvo</strong></span> <span class='ocrx_word' id='word_1_187' title='bbox 510 3412 694 3484; x_wconf 88' lang='lat' dir='ltr'><strong>interesset</strong></span> <span class='ocrx_word' id='word_1_188' title='bbox 715 3412 920 3485; x_wconf 90' lang='lat' dir='ltr'><strong>molitiones</strong></span> <span class='ocrx_word' id='word_1_189' title='bbox 945 3410 1106 3509; x_wconf 87' lang='lat' dir='ltr'><strong>ejusdem</strong></span> <span class='ocrx_word' id='word_1_190' title='bbox 1130 3410 1233 3483; x_wconf 91' lang='lat' dir='ltr'><strong>ducis</strong></span> <span class='ocrx_word' id='word_1_191' title='bbox 1256 3435 1340 3484; x_wconf 89' lang='lat' dir='ltr'><strong>cum</strong></span> 
     </span>
     <span class='ocr_line' id='line_1_27' title="bbox 276 3527 1341 3628; baseline 0.003 -27"><span class='ocrx_word' id='word_1_192' title='bbox 276 3531 348 3603; x_wconf 90' lang='lat' dir='ltr'><strong>suis</strong></span> <span class='ocrx_word' id='word_1_193' title='bbox 377 3530 621 3603; x_wconf 80' lang='lat' dir='ltr'><strong>infensissimis</strong></span> <span class='ocrx_word' id='word_1_194' title='bbox 649 3527 815 3602; x_wconf 86' lang='lat' dir='ltr'><strong>hostibus</strong></span> <span class='ocrx_word' id='word_1_195' title='bbox 844 3543 879 3601; x_wconf 93' lang='lat' dir='ltr'><strong>et</strong></span> <span class='ocrx_word' id='word_1_196' title='bbox 907 3529 1056 3603; x_wconf 90' lang='lat' dir='ltr'><strong>consilia</strong></span> <span class='ocrx_word' id='word_1_197' title='bbox 1086 3528 1270 3628; x_wconf 90' lang='lat' dir='ltr'><strong>percipere</strong></span> <span class='ocrx_word' id='word_1_198' title='bbox 1298 3555 1341 3604; x_wconf 91' lang='lat' dir='ltr'><strong>ac</strong></span> 
     </span>
     <span class='ocr_line' id='line_1_28' title="bbox 276 3643 1339 3743; baseline -0.001 -26"><span class='ocrx_word' id='word_1_199' title='bbox 276 3649 521 3741; x_wconf 85' lang='lat' dir='ltr'><strong>cognoscere².</strong></span> <span class='ocrx_word' id='word_1_200' title='bbox 551 3645 725 3743; x_wconf 87' lang='lat' dir='ltr'><strong>Petiitque</strong></span> <span class='ocrx_word' id='word_1_201' title='bbox 750 3643 917 3732; x_wconf 91' lang='lat' dir='ltr'><strong>tandem,</strong></span> <span class='ocrx_word' id='word_1_202' title='bbox 947 3667 1051 3735; x_wconf 89' lang='lat' dir='ltr'><strong>cum,</strong></span> <span class='ocrx_word' id='word_1_203' title='bbox 1084 3643 1132 3715; x_wconf 94' lang='lat' dir='ltr'><strong>ob</strong></span> <span class='ocrx_word' id='word_1_204' title='bbox 1159 3644 1339 3717; x_wconf 90' lang='lat' dir='ltr'><strong>dictorum</strong></span> 
     </span>
     <span class='ocr_line' id='line_1_29' title="bbox 276 3759 1339 3858; baseline 0 -26"><span class='ocrx_word' id='word_1_205' title='bbox 276 3775 464 3858; x_wconf 86' lang='lat' dir='ltr'><strong>captorum</strong></span> <span class='ocrx_word' id='word_1_206' title='bbox 492 3762 758 3852; x_wconf 88' lang='lat' dir='ltr'><strong>detentionem,</strong></span> <span class='ocrx_word' id='word_1_207' title='bbox 785 3760 949 3832; x_wconf 78' lang='lat' dir='ltr'><strong>maximis</strong></span> <span class='ocrx_word' id='word_1_208' title='bbox 972 3759 1142 3832; x_wconf 92' lang='lat' dir='ltr'><strong>eumdem</strong></span> <span class='ocrx_word' id='word_1_209' title='bbox 1169 3762 1339 3832; x_wconf 90' lang='lat' dir='ltr'><strong>comitem</strong></span> 
     </span>
    </p>
   </div>
   <div class='ocr_carea' id='block_1_3' title="bbox 256 3977 1363 4330">
    <p class='ocr_par' dir='ltr' id='par_1_3' title="bbox 256 3977 1363 4330">
     <span class='ocr_line' id='line_1_30' title="bbox 317 3977 1338 4062; baseline -0.003 -23"><span class='ocrx_word' id='word_1_210' title='bbox 317 3985 346 4039; x_wconf 84' lang='lat' dir='ltr'><strong>t.</strong></span> <span class='ocrx_word' id='word_1_211' title='bbox 369 3983 423 4042; x_wconf 88' lang='lat' dir='ltr'><strong>Ces</strong></span> <span class='ocrx_word' id='word_1_212' title='bbox 436 3982 548 4042; x_wconf 86' lang='lat' dir='ltr'><strong>raisons</strong></span> <span class='ocrx_word' id='word_1_213' title='bbox 561 3994 627 4042; x_wconf 89' lang='lat' dir='ltr'><strong>sont</strong></span> <span class='ocrx_word' id='word_1_214' title='bbox 642 3981 782 4062; x_wconf 77' lang='lat' dir='ltr'><strong>expost&#39;ees</strong></span> <span class='ocrx_word' id='word_1_215' title='bbox 798 4000 869 4040; x_wconf 88' lang='lat' dir='ltr'><strong>avec</strong></span> <span class='ocrx_word' id='word_1_216' title='bbox 887 3992 948 4050; x_wconf 85' lang='lat' dir='ltr'><strong>tout</strong></span> <span class='ocrx_word' id='word_1_217' title='bbox 962 3979 991 4038; x_wconf 91' lang='lat' dir='ltr'><strong>le</strong></span> <span class='ocrx_word' id='word_1_218' title='bbox 1004 3978 1247 4060; x_wconf 86' lang='lat' dir='ltr'><strong>de&#39;veloppement</strong></span> <span class='ocrx_word' id='word_1_219' title='bbox 1260 3977 1338 4037; x_wconf 68' lang='lat' dir='ltr'><strong>drisi-</strong></span> 
     </span>
     <span class='ocr_line' id='line_1_31' title="bbox 256 4068 1339 4152; baseline -0.004 -21"><span class='ocrx_word' id='word_1_220' title='bbox 256 4071 356 4141; x_wconf 58' lang='lat' dir='ltr'><strong>prable</strong></span> <span class='ocrx_word' id='word_1_221' title='bbox 372 4071 443 4132; x_wconf 86' lang='lat' dir='ltr'><strong>dans</strong></span> <span class='ocrx_word' id='word_1_222' title='bbox 463 4092 502 4131; x_wconf 92' lang='lat' dir='ltr'><strong>un</strong></span> <span class='ocrx_word' id='word_1_223' title='bbox 517 4071 646 4132; x_wconf 76' lang='lat' dir='ltr'><strong>discours</strong></span> <span class='ocrx_word' id='word_1_224' title='bbox 667 4071 814 4152; x_wconf 73' lang='lat' dir='ltr'><strong>prononce</strong></span> <span class='ocrx_word' id='word_1_225' title='bbox 831 4091 889 4131; x_wconf 84' lang='lat' dir='ltr'><strong>aux</strong></span> <span class='ocrx_word' id='word_1_226' title='bbox 908 4069 1052 4130; x_wconf 80' lang='lat' dir='ltr'><strong>habitante</strong></span> <span class='ocrx_word' id='word_1_227' title='bbox 1072 4069 1221 4129; x_wconf 78' lang='lat' dir='ltr'><strong>d’Amiens</strong></span> <span class='ocrx_word' id='word_1_228' title='bbox 1241 4087 1295 4147; x_wconf 86' lang='lat' dir='ltr'><strong>par</strong></span> <span class='ocrx_word' id='word_1_229' title='bbox 1312 4068 1339 4127; x_wconf 76' lang='lat' dir='ltr'><strong>le</strong></span> 
     </span>
     <span class='ocr_line' id='line_1_32' title="bbox 275 4151 1363 4237; baseline -0.007 -16"><span class='ocrx_word' id='word_1_230' title='bbox 275 4157 438 4221; x_wconf 88' lang='lat' dir='ltr'><strong>chancelier</strong></span> <span class='ocrx_word' id='word_1_231' title='bbox 456 4159 493 4219; x_wconf 93' lang='lat' dir='ltr'><strong>de</strong></span> <span class='ocrx_word' id='word_1_232' title='bbox 514 4163 632 4224; x_wconf 81' lang='lat' dir='ltr'><strong>France.</strong></span> <span class='ocrx_word' id='word_1_233' title='bbox 648 4166 684 4224; x_wconf 82' lang='lat' dir='ltr'><strong>A.</strong></span> <span class='ocrx_word' id='word_1_234' title='bbox 697 4159 829 4237; x_wconf 84' lang='lat' dir='ltr'><strong>Thierry.</strong></span> <span class='ocrx_word' id='word_1_235' title='bbox 852 4165 1020 4220; x_wconf 81' lang='lat' dir='ltr'><strong>Documents</strong></span> <span class='ocrx_word' id='word_1_236' title='bbox 1033 4161 1137 4217; x_wconf 68' lang='lat' dir='ltr'><strong>inedies</strong></span> <span class='ocrx_word' id='word_1_237' title='bbox 1149 4161 1337 4231; x_wconf 81' lang='lat' dir='ltr'><strong>surAmtenr,</strong></span> <span class='ocrx_word' id='word_1_238' title='bbox 1355 4151 1363 4168; x_wconf 85' lang='lat'><strong><em>‘</em></strong></span> 
     </span>
     <span class='ocr_line' id='line_1_33' title="bbox 276 4245 1175 4330; baseline -0.007 -22"><span class='ocrx_word' id='word_1_239' title='bbox 276 4263 297 4308; x_wconf 88' lang='lat' dir='ltr'><strong>t.</strong></span> <span class='ocrx_word' id='word_1_240' title='bbox 311 4254 356 4322; x_wconf 91' lang='lat'><strong>11,</strong></span> <span class='ocrx_word' id='word_1_241' title='bbox 371 4271 402 4330; x_wconf 92' lang='lat' dir='ltr'><strong>p.</strong></span> <span class='ocrx_word' id='word_1_242' title='bbox 418 4252 495 4321; x_wconf 71' lang='lat'><strong>2765</strong></span> <span class='ocrx_word' id='word_1_243' title='bbox 514 4247 586 4307; x_wconf 88' lang='lat' dir='ltr'><strong>dans</strong></span> <span class='ocrx_word' id='word_1_244' title='bbox 598 4247 627 4307; x_wconf 87' lang='lat' dir='ltr'><strong>la</strong></span> <span class='ocrx_word' id='word_1_245' title='bbox 641 4247 797 4308; x_wconf 85' lang='lat' dir='ltr'><strong>Collection</strong></span> <span class='ocrx_word' id='word_1_246' title='bbox 811 4247 862 4308; x_wconf 91' lang='lat' dir='ltr'><strong>des</strong></span> <span class='ocrx_word' id='word_1_247' title='bbox 877 4247 1047 4307; x_wconf 88' lang='lat' dir='ltr'><strong>documents</strong></span> <span class='ocrx_word' id='word_1_248' title='bbox 1060 4245 1175 4306; x_wconf 77' lang='lat' dir='ltr'><strong>inedits.</strong></span> 
     </span>
    </p>
   </div>
   <div class='ocr_carea' id='block_1_4' title="bbox 0 0 1709 5186">
    <p class='ocr_par' dir='ltr' id='par_1_4' title="bbox 0 0 1709 5186">
     <span class='ocr_line' id='line_1_34' title="bbox 0 0 1709 5186; baseline 0 0"><span class='ocrx_word' id='word_1_249' title='bbox 0 0 1709 5186; x_wconf 95' lang='lat' dir='ltr'><strong> </strong></span> 
     </span>
    </p>
   </div>
  </div>
 </body>
</html>
