3384 5184
394 449 452 506 tut
666 445 919 504 fflsroatatttttt
939 445 1117 502 LUDOVICI
1137 446 1180 502 xl

284 559 289 566 ¹
394 588 524 678 magna
539 601 620 676 pars
637 600 787 649 suorum
805 574 1144 674 stipendiariorum,
1164 601 1243 676 quae
1261 603 1298 652 se
1320 579 1367 652 ad
1382 579 1450 652 lra-

394 709 487 765 trem
504 718 608 764 suum
625 692 842 785 contulerat,
866 716 1012 790 sperans
1033 691 1098 764 sibi
1123 692 1169 765 ad
1192 719 1256 768 sua
1278 695 1452 794 stipendia

395 810 526 882 servire
548 824 583 881 et
597 807 765 901 militare,
780 832 865 879 cum
880 807 1045 880 viderent
1060 808 1300 882 delectionem
1317 812 1452 884 britan·

394 927 461 998 niae
471 925 591 1018 ducis,
606 940 642 998 et
654 949 733 1024 spes
742 924 817 1021 jam
829 925 879 996 eis
897 923 993 996 nulla
1006 922 1063 996 vel
1082 925 1231 998 minima
1245 942 1336 1000 esset
1354 927 1453 1026 quod

393 1055 539 1142 possent
560 1039 736 1140 stipendia
762 1037 919 1110 exduce
948 1041 1176 1114 Normanniae
1202 1041 1386 1136 obtinere,
1406 1043 1453 1116 ad

393 1159 510 1257 ipsum
524 1183 643 1255 regem
655 1155 816 1228 dietenus
830 1155 1004 1228 redibant.
1023 1159 1122 1243 Quos
1135 1182 1281 1248 omnes,
1296 1182 1341 1230 eo
1355 1159 1454 1256 quod

394 1274 444 1345 eis
457 1288 533 1346 tum
546 1273 699 1378 maxime
712 1270 906 1368 indigeret,
917 1270 1031 1344 libens
1048 1287 1080 1343 et
1093 1272 1192 1346 laetus
1204 1273 1451 1373 recolligebat3

394 1391 468 1461 imo
484 1390 591 1462 etiam
607 1388 655 1462 ad
677 1414 734 1476 se,
754 1383 883 1486 quibus
900 1403 1040 1486 poterat
1057 1389 1210 1480 artibus,
1231 1391 1450 1481 retrahebat,

395 1522 436 1580 ut
450 1532 513 1580 eos
529 1507 682 1581 auferret
697 1507 795 1580 lratri
809 1531 889 1578 suo.

737 1819 993 1888 cttttUtUtt
1018 1821 1112 1889 Xlll.

430 2025 469 2078 De
481 2020 584 2076 insidiis
594 2034 620 2074 et
630 2018 830 2092 proditionibus
840 2037 889 2090 per
901 2015 996 2072 ducem
1008 2019 1138 2072 Borbonii
1150 2033 1176 2074 et
1186 2039 1235 2092 per
1246 2037 1335 2092 regem
1346 2021 1421 2075 laetis

713 2097 838 2152 adversus
848 2096 944 2152 duoem
958 2099 1141 2154 Normannise.

447 2280 539 2348 Cum
561 2287 681 2348 autem
702 2271 823 2345 adhue
847 2274 1014 2347 Carnoti¹
1039 2289 1148 2365 esset,
1179 2273 1279 2346 finxit
1308 2301 1345 2348 se
1368 2274 1458 2350 velle

398 2417 481 2466 cum
505 2391 611 2462 fratre
637 2414 702 2460 suo
725 2412 851 2487 pacem
867 2389 1110 2479 reconciliare,
1129 2403 1166 2461 et
1178 2391 1317 2463 mittere
1334 2417 1371 2463 se
1392 2417 1459 2490 pro

399 2510 468 2583 hac
499 2531 605 2579 causa
640 2504 818 2577 simulavit
851 2499 981 2576 ducem
1007 2503 1176 2575 Borbonii
1202 2505 1248 2577 ad
1276 2507 1456 2578 eumdem.

400 2626 469 2716 Qui
482 2648 565 2696 cum
577 2624 614 2694 in
627 2622 752 2693 itinere
765 2637 873 2709 esset,
889 2621 983 2692 misit
996 2619 1258 2719 Rothomagum
1273 2622 1319 2692 ad
1330 2623 1461 2697 ducem

402 2739 629 2814 Normanniae
642 2739 789 2809 nuntios
801 2750 836 2807 et
850 2737 1035 2835 epistolas,
1051 2735 1169 2808 verbis
1185 2753 1288 2809 utens
1304 2739 1462 2837 pacificis

401 2860 439 2930 in
468 2856 555 2930 dolo
579 2854 824 2926 :denuntians
850 2851 917 2922 sibi
942 2851 1093 2950 qualiter
1115 2876 1199 2924 eum
1223 2854 1271 2925 ad
1296 2879 1334 2926 se
1362 2854 1461 2956 [rex]

403 2974 574 3057 mitteret,
593 2968 741 3066 cupiens
759 2989 843 3036 cum
858 2989 903 3037 eo
928 2965 1185 3040 rationabiliter
1200 2981 1236 3039 et
1249 2969 1459 3066 tranquille,

404 3104 574 3185 tanquam
603 3107 686 3153 eum
715 3079 944 3152 dilectissimo
974 3081 1041 3152 sibi
1067 3098 1176 3179 atque
1200 3083 1309 3155 unico
1334 3083 1459 3180 fratre,

403 3222 623 3301 componere
641 3213 677 3269 et
692 3193 898 3295 pacificare,
917 3211 952 3268 et
977 3198 1139 3269 similiter
1165 3199 1258 3271 inter
1284 3201 1402 3298 ipsum
1428 3217 1463 3275 et

404 3316 592 3389 Britanniae
608 3313 756 3399 ducem,
775 3335 932 3408 quorum
953 3337 1043 3408 aegre
1060 3328 1096 3385 et
1111 3313 1339 3414 displicenter
1358 3317 1462 3390 intel·

403 3432 544 3506 luxisset
555 3429 756 3502 dissidium.

452 3549 610 3622 Credens
636 3562 765 3620 autem·
780 3544 851 3617 dux
880 3547 1107 3618 Normanniae
1127 3548 1275 3620 Carolus
1301 3548 1465 3646 hujusce·

404 3665 504 3741 modi
518 3665 653 3756 verbis,
669 3688 735 3736 nec
751 3661 877 3735 dolum
890 3677 952 3735 aut
968 3662 1232 3735 simulationem
1249 3665 1461 3764 suspicatus,

348 3845 351 3854 .
403 3783 581 3883 rescripsit
610 3782 692 3854 duci
716 3779 886 3852 Borbouii
910 3778 1009 3876 quod
1028 3778 1077 3852 ad
1090 3794 1225 3854 certam
1247 3781 1343 3854 diem
1367 3784 1464 3882 apud

403 3899 672 3976 Locum-Veris·
687 3922 725 3970 se
741 3896 938 3988 conferret,
958 3895 1003 3967 ad
1030 3920 1139 3994 quem
1160 3897 1266 3970 etiam
1288 3923 1364 3970 sese
1388 3900 1464 3998 ipse

444 4116 472 4171 l.
496 4115 571 4172 C'est
583 4108 678 4190 plutdt
691 4109 707 4166 a
720 4104 851 4164 Orle‘ans.

443 4205 472 4262 2.
494 4199 645 4260 louviers.
