3322 5172
371 574 428 632 stt
639 569 894 627 ursroutautuu
914 569 1094 627 LUDOVICI
1113 571 1158 626 XI

419 706 510 779 Talis
525 707 644 802 itaque
661 703 842 775 ludovico
858 702 904 775 de
920 702 1171 800 Luxemburgo
1185 701 1273 800 (tale
1287 703 1383 775 enim
1398 703 1430 774 ei

372 848 506 895 nomen
526 838 561 895 ct
578 821 698 894 titulus
713 820 887 919 prosapiae
902 819 1045 915 iuerat),
1058 820 1181 892 comiti
1195 817 1431 892 Sancti-Pauli

372 954 407 1011 et
437 938 483 1012 de
516 941 635 1038 Ligu,
669 936 898 1037 pluriumque
926 936 1104 1010 nobilium
1133 951 1309 1011 terrarum
1341 949 1430 1007 tem-

373 1054 489 1154 porali
505 1053 690 1152 quondam
707 1052 878 1141 domino,
900 1052 1164 1126 constabulario
1183 1052 1355 1144 Frauciae,
1380 1053 1431 1123 vi·

373 1185 416 1242 tae
439 1169 545 1266 hujus
569 1167 649 1240 linis
672 1182 780 1264 atquc
801 1167 914 1240 exitus
937 1169 1022 1258 luit,
1051 1183 1217 1241 currente
1239 1191 1336 1241 anno
1357 1173 1432 1240 Do-

373 1282 978 1380 miniln.cccc.1,xxv.,feriatertia
1007 1300 1091 1358 autc
1118 1284 1214 1357 diem
1242 1282 1432 1356 dominica}

374 1400 631 1474 lucarnationis
641 1402 662 1468 ¹.

735 1739 989 1810 CAPITULUM
1014 1741 1073 1808 tv.

445 1943 565 1998 Invectio
575 1942 696 2014 quasdam
707 1955 799 1996 contra
810 1942 947 1996 avaritiam
957 1955 984 1996 et
993 1942 1165 1998 ambitionem
1176 1944 1362 2022 tempqrnlium

832 2023 977 2077 honorum.
1371 2029 1374 2036 '

423 2200 540 2271 Potuit
557 2213 678 2271 autem
696 2200 834 2272 cunctis
848 2197 1059 2275 mortalibus
1073 2201 1184 2299 ipsius
1197 2215 1269 2274 tam
1282 2199 1434 2300 probro-

373 2339 433 2388 sus
448 2328 554 2412 atque
573 2315 834 2411 ignominiosus
847 2329 995 2388 eventus
1006 2317 1088 2390 satis
1105 2316 1324 2390 documento
1341 2342 1433 2410 esse,

374 2445 415 2502 ut
436 2431 473 2502 in
499 2429 656 2504 culmine
676 2431 928 2530 temporalium
948 2431 1161 2528 dignitatum
1178 2431 1234 2506 vel
1255 2457 1435 2530 quorum-

373 2569 528 2644 cumque
543 2560 767 2619 terrcnorum
780 2546 965 2619 bonorum
979 2546 1161 2622 affluentia
1172 2572 1273 2649 spem
1286 2548 1435 2622 minime

373 2677 511 2762 ponant
525 2665 599 2736 sive
614 2665 851 2755 constituant;
866 2689 1074 2762 quanquam
1085 2678 1120 2737 et
1131 2663 1178 2736 dc
1190 2663 1435 2737 innumerabi-

373 2777 465 2851 libus
481 2778 557 2852 aliis
568 2781 760 2854 illustrium
778 2781 936 2852 virorum
954 2804 996 2853 ac
1012 2781 1205 2853 mulierum
1221 2780 1378 2854 tristibus
1394 2789 1436 2854 ac

373 2895 544 2968 luctuosis
558 2895 743 2968 eventibus
757 2905 794 2969 et
804 2895 1025 2990 infortuniis,
1045 2910 1081 2969 et
1098 2909 1238 2986 vetera,
1257 2911 1294 2969 et
1308 2921 1435 2969 reocu-

373 3014 464 3087 tiora
480 3014 642 3114 exempla
662 3028 739 3086 toto
760 3039 861 3113 paeuc
878 3013 967 3086 orbe
984 3027 1159 3086 terrarum
1174 3012 1320 3111 copiose
1335 3013 1435 3086 inve-

374 3130 443 3202 niri
463 3130 612 3228 possint.
634 3129 730 3218 Quid
747 3130 843 3202 euim
863 3128 1050 3202 nobilitate
1067 3129 1205 3226 generis
1220 3128 1290 3199 isto
1318 3127 1438 3202 Ludo·

374 3246 456 3319 vico
468 3261 609 3345 poterat
620 3245 788 3318 illustrius
797 3247 962 3338 inveniri,
979 3247 1041 3344 qui
1052 3246 1099 3318 dc
1109 3245 1237 3318 illustri
1250 3245 1436 3342 quondam

374 3363 486 3435 domo
511 3364 557 3436 dc
584 3361 848 3461 Luxcmburgo,
878 3363 924 3438 de
951 3387 1023 3470 qua
1048 3363 1213 3437 nonnulli
1239 3347 1436 3460 aliquando

374 3481 539 3554 etiamad
553 3479 931 3586 augustalcmllmpcrii
941 3482 1149 3579 dignitatem
1163 3481 1322 3578 provecti
1337 3495 1433 3574 sunt,

374 3596 524 3671 duxerat
541 3598 715 3696 originem
723 3601 755 3667 ’.·
767 3597 928 3673 Habebat
939 3614 975 3671 ct
992 3601 1067 3698 ipsc
1079 3611 1223 3697 neptem
1237 3621 1280 3669 ex
1297 3621 1435 3686 sorore,

374 3713 448 3810 regi
466 3712 659 3787 modemo³
677 3713 871 3812 Anglorum
885 3713 1116 3786 matrimonio
1132 3710 1357 3811 copulatam3
1378 3735 1437 3784 rc·

375 3829 465 3926 ginae
482 3854 568 3904 vero
589 3831 770 3928 praesentis
788 3833 1008 3931 Francorum
1025 3835 1186 3901 sororem
1203 3841 1239 3899 et
1256 3826 1294 3898 in
1310 3825 1437 3924 conju·

416 4046 446 4105 r.
468 4017 799 4106 orest-sanetcmuai
814 4043 1020 4104 iratumne
1036 4047 1126 4104 rus.

286 4151 289 4160 ¹
415 4136 444 4193 2.
468 4133 491 4192 ll
510 4135 580 4194 ctait
596 4156 633 4197 en
647 4135 717 4195 ellat
732 4134 768 4193 dc
781 4136 809 4194 la
824 4155 889 4195 racc
903 4135 940 4197 de
953 4156 987 4196 ce
1003 4136 1095 4197 lleuri
1106 4135 1142 4195 de
1155 4133 1374 4214 Luxembourg‚
1387 4133 1438 4212 qui

376 4223 420 4280 fut
435 4243 589 4303 empereur
606 4225 805 4304 d’Allcmagne
818 4246 855 4285 au
871 4237 1118 4287 commencemcnt
1131 4225 1169 4286 du
1187 4237 1248 4285 rur·
1262 4225 1358 4285 sicclc.

417 4317 447 4375 3.
471 4318 551 4392 Regis
566 4319 692 4374 moderni
705 4314 778 4374 dans
788 4316 817 4374 le
833 4335 887 4374 ms.
