3272 5182
561 559 671 618 LIBER
697 558 901 620 SECUNDUS.
1207 560 1263 618 tot
1327 619 1330 626 Δ
1376 565 1378 575 ’

528 873 785 943 ctettutttttt
808 875 933 945 XXlll.
1014 900 1018 909 ·
1061 892 1065 904 “

199 1079 239 1132 De
252 1077 348 1132 iterato
359 1076 546 1132 leodiensium
557 1070 687 1148 ¹tumultu,
699 1079 746 1150 qui
758 1091 784 1132 ct
796 1079 953 1151 episcopum
964 1096 1043 1133 cunm
1059 1079 1175 1151 Tungris
1185 1097 1265 1152 cepe-

234 1171 312 1226 runt;
325 1169 351 1212 et
362 1155 397 1210 de
408 1156 548 1212 obsidione
559 1156 654 1212 leodii
665 1177 713 1232 per
727 1157 824 1214 ducem
835 1156 1010 1232 Burgundio,
1026 1158 1181 1214 comitatum
1193 1177 1265 1232 prn-

235 1239 319 1294 centia
329 1238 399 1311 regis
411 1239 577 1293 Francorum
585 1241 606 1293 ¹.

249 1425 311 1497 His
328 1425 447 1523 itaque
461 1425 615 1518 omissis,
634 1423 681 1498 ad
697 1425 1136 1525 propositae.narrationis,
1154 1449 1267 1524 aquo
1374 1504 1377 1512 Ι

199 1539 387 1639 paululum
406 1540 552 1639 digressi
568 1566 712 1630 sumus,
734 1541 900 1614 ordinem
919 1555 1134 1616 revertentes
1154 1572 1163 1616 :
1181 1568 1267 1616 cum

199 1655 310 1728 iidem
344 1657 443 1729 stulti
471 1656 658 1730 Eburones
684 1657 848 1730 viderent
872 1683 957 1731 cum
986 1660 1125 1755 magnis
1152 1661 1276 1761 copiis'

200 1777 420 1846 Francorum
439 1797 575 1870 regem,
594 1774 656 1872 qui
671 1773 728 1872 (ut
742 1772 914 1872 diximus)
928 1797 990 1848 eos
1007 1775 1044 1850 in
1060 1799 1162 1848 arma
1177 1801 1267 1849 con·

199 1889 338 1978 citarat,
354 1902 466 1962 terras
480 1889 781 1986 Burgundionum
795 1888 898 1962 ducis
911 1889 1173 1988 propinquasse
1189 1893 1268 1990 (qui

199 2002 285 2095 dux,
306 2019 346 2076 ut
362 2003 530 2095 diximus,
547 2005 655 2077 etiam
670 2006 794 2104 copias
808 2008 905 2079 circa
922 2010 1099 2079 Peronam
1115 2007 1267 2106 college·

199 2122 293 2220 rat),
310 2135 442 2195 cuncta
456 2147 563 2216 saeva,
578 2122 728 2196 adversa
739 2138 849 2223 atque
861 2124 1016 2197 inlausta
1032 2125 1167 2196 eisdem
1183 2131 1270 2200 Bur·

199 2234 445 2333 gundiouibus
479 2250 700 2335 proventura
732 2250 924 2337 putantes,
959 2237 1268 2336 quemadmodum
1340 2305 1350 2329 ,

197 2351 290 2423 votis
309 2351 587 2429 omnimodiset
608 2352 916 2425 obsecrationibus
937 2353 1208 2453 exspectabant,
1232 2372 1269 2431 et

198 2483 390 2566 propterea
418 2447 581 2568 paratam
610 2468 678 2539 sibi
706 2468 752 2542 ad
781 2494 821 2541 se
849 2468 897 2541 de
924 2471 974 2542 eis
1003 2470 1269 2546 ulciscendum¹

199 2585 508 2683 opportunitatem
540 2584 663 2658 adesse
693 2557 960 2673 existimantes,
998 2586 1266 2662 multitudinem

199 2698 394 2797 quamdam
408 2726 453 2773 er
466 2697 697 2799 iniquissimis
710 2699 820 2773 totius
833 2698 948 2798 plebis
960 2724 1032 2771 suae
1045 2699 1107 2798 (de
1121 2701 1172 2774 eis
1187 2705 1263 2801 qui,

198 2817 378 2890 malorum
395 2840 417 2888 a
434 2840 471 2888 se
491 2829 716 2916 patratorum
739 2816 957 2889 conscientia
975 2816 1146 2888 stimulati
1166 2832 1202 2888 et
1220 2819 1266 2892 de

198 2932 442 3006 misericordia
459 2933 664 3033 principum
681 2929 804 3019 diffisi,
824 2932 874 3004 ob
895 2955 1045 3004 suorum
1061 2933 1266 3007 immanita-

198 3061 271 3121 tem
295 3048 496 3122 facinorum
518 3074 539 3121 e
565 3048 706 3122 civitate
726 3047 977 3148 profugerant,
997 3047 1086 3120 dum
1105 3049 1265 3146 ejusdem

199 3167 332 3239 moenia
368 3181 405 3238 et
435 3180 552 3240 turres
577 3166 722 3262 dejectae
749 3164 1001 3262 demolitaeque
1029 3164 1196 3262 luissent)
1228 3167 1265 3239 in

197 3308 300 3360 suam
316 3298 533 3384 receperunt
548 3283 740 3380 civitatem.
760 3286 880 3369 Quam
901 3281 967 3353 etsi
986 3281 1078 3354 forte
1097 3282 1213 3380 major
1229 3298 1266 3357 et

198 3402 320 3476 sanior
344 3399 546 3501 pars'illius
568 3398 694 3499 populi
717 3397 866 3470 minime
891 3396 1118 3492 advocasset,
1146 3398 1264 3473 eidem

95 3503 98 3512 λ
197 3532 333 3610 tamen,
353 3542 437 3591 cum
451 3539 607 3615 praesens
622 3514 750 3608 adfuit,
768 3539 845 3587 sese
859 3514 1049 3589 unanimes
1063 3531 1099 3588 et
1112 3541 1266 3591 consen·

195 3637 325 3713 tientes
341 3636 583 3737 praebuerunt.
743 3611 750 3634 ⁸

144 3766 150 3780 '
245 3757 441 3852 Coeperunt
459 3752 567 3850 igitur
584 3750 706 3824 denuo
726 3749 924 3823 instaurare
947 3775 1088 3844 muros,
1112 3776 1265 3851 purgare
1382 3779 1396 3802 ·

197 3870 345 3961 vallum,
357 3866 636 3968 propugnaculis
647 3890 723 3939 sese
732 3889 907 3964 suamque
917 3868 1058 3939 munire
1068 3868 1262 3960 civitatem,

196 4003 233 4062 et
242 3986 627 4084 armis,undecumque
639 4009 681 4060 ea
692 3986 906 4084 conquirere
918 4000 1077 4086 possent,
1089 3985 1263 4058 instruere

239 4225 267 4281 l.
290 4220 426 4302 Chapitre
445 4219 544 4302 publici
556 4219 629 4280 dans
644 4179 852 4299 l'Amplissimo
865 4226 1001 4298 collectio,
1017 4234 1038 4284 t.
1054 4223 1103 4292 tv,
1119 4219 1176 4282 col.
1193 4224 1260 4279 ¹155.

239 4315 269 4373 2.
295 4313 460 4374 Ulciscendo
473 4309 546 4371 dans
559 4309 587 4370 le
600 4329 655 4373 ms·
