3322 5172
379 537 436 592 tlt
651 538 906 596 lllSTORIARUM
928 537 1106 594 LUDOVICI
1125 537 1167 593 xl

722 812 976 883 csPtTULUM
1011 813 1087 880 llll.
1129 851 1130 856 κ

519 999 558 1048 De
573 998 767 1070 expugnatione
781 996 1004 1068 Burgundionum
1022 1009 1107 1070 prope
1123 996 1296 1068 Nauceyunn,

753 1090 778 1130 et
790 1075 861 1129 caede
873 1076 948 1130 ducis
960 1086 1064 1131 eorum.
1156 1125 1157 1128 ,

428 1255 497 1327 Sed
522 1281 597 1326 nou
620 1280 663 1326 eo
686 1255 804 1325 minus
827 1245 1125 1351 Burgundionum
1145 1254 1237 1345 dux,
1260 1255 1344 1327 talia
1364 1281 1439 1328 non

378 1373 559 1468 ignorans,
575 1373 611 1441 in
625 1393 689 1441 sua
702 1368 891 1442 obsidione
910 1370 1091 1458 manebat,
1106 1371 1208 1467 quasi
1224 1385 1341 1442 certus
1355 1373 1441 1443 exsi-

378 1500 484 1558 steret
499 1485 544 1556 ab
557 1485 764 1582 hujusmodi
781 1487 939 1578 Francis,
954 1486 1003 1557 ob
1019 1487 1125 1557 initas
1139 1501 1174 1558 et
1188 1501 1440 1584 procurrentes

376 1617 517 1698 treugas
533 1617 655 1700 pactas
674 1584 767 1674 iuter
782 1627 903 1698 regem
919 1621 955 1673 et
971 1604 1105 1700 ipsum,
1126 1603 1266 1674 nullum
1282 1602 1350 1675 sibi
1369 1603 1440 1674 dis-

378 1721 512 1791 crimen
542 1721 742 1792 imminere.
769 1724 903 1792 Verum
932 1719 1033 1817 quod
1060 1719 1107 1792 ad
1139 1721 1438 1819 expuguationem

378 1836 503 1934 oppidi
515 1834 649 1908 obsessi
658 1835 794 1933 aliquid
805 1837 985 1933 egregium
997 1850 1058 1906 aut
1068 1849 1315 1934 opportunum
1330 1850 1441 1908 atten-

377 1963 485 2040 taret,
505 1953 647 2048 penitus
664 1976 738 2021 uon
755 1950 966 2051 apparebat,
986 1953 1068 2023 licet
1083 1951 1283 2024 incredibili
1300 1951 1440 2026 miseria

377 2091 478 2158 suus,
498 2068 550 2138 uti
568 2067 736 2159 diximus,
757 2069 1019 2140 excruciaretur
1037 2067 1250 2168 [exercitus].
1267 2071 1439 2142 Consule-

377 2179 464 2253 bant
478 2177 544 2252 sibi
565 2183 807 2279 quamplures,
828 2182 1035 2280 hujusmodi
1054 2208 1175 2255 rerum
1196 2183 1440 2257 difficultatem

376 2310 411 2368 et
421 2321 483 2368 sua
495 2297 652 2393 pericula
662 2297 858 2396 prudenter
867 2300 1133 2396 permetientes,
1146 2313 1185 2370 ut
1193 2299 1239 2372 ab
1251 2299 1440 2375 obsidione

376 2412 423 2485 ad
436 2429 578 2511 tempus
594 2415 810 2506 discederet,
831 2409 938 2513 alque
952 2389 990 2487 b
1005 2417 1166 2490 hibernis
1182 2418 1229 2490 ad
1245 2419 1441 2492 refocillan-

376 2531 444 2604 dos
463 2522 549 2604 suos
566 2533 696 2606 milites
712 2534 916 2606 collocaret.
941 2535 1012 2606 Sed
1031 2536 1119 2634 ipse,
1144 2535 1230 2608 tales
1255 2535 1350 2608 velut
1370 2537 1439 2607 ini·

376 2649 489 2719 micos
512 2663 683 2746 reputans
708 2663 770 2721 aut
793 2651 996 2747 proditores
1021 2675 1083 2722 seu
1107 2651 1282 2749 perfidos,
1310 2651 1440 2725 talibus

377 2762 471 2832 sanis
504 2762 660 2835 consiliis
694 2763 897 2838 nullatenus
929 2767 1232 2863 acquiescendum
1263 2767 1435 2861 ducebat;

377 2879 464 2974 quin
485 2881 607 2977 potius
635 2880 792 2952 hostium
820 2882 1016 2957 adventum
1050 2897 1086 2954 et
1107 2899 1285 2958 certamen
1306 2883 1439 2956 habere

377 3018 461 3065 curu
479 2981 564 3092 ip'sis
583 3019 800 3096 magnopere
821 2997 1028 3097 exoptabat.
1051 2998 1120 3070 Sed
1141 3005 1252 3090 certe,
1275 3013 1313 3071 ut
1330 2997 1438 3097 paulo

378 3125 459 3208 post
482 3113 615 3210 patuit,
641 3127 737 3186 tauta
763 3115 886 3211 capitis
907 3115 961 3187 sui
985 3116 1162 3188 temeritas
1184 3114 1341 3214 pericula
1362 3139 1438 3188 non

378 3228 500 3300 evasit.
735 3231 737 3240 “

425 3344 587 3418 Habebat
607 3347 703 3418 enim
718 3369 873 3442 parvam
897 3345 1049 3418 militum
1070 3371 1236 3436 manum,
1261 3371 1341 3444 quae
1363 3371 1438 3420 non

377 3460 424 3534 ad
441 3477 524 3534 octo
543 3462 652 3534 millia
668 3461 842 3552 virorum,
859 3475 941 3536 tam
952 3466 1114 3562 equitum
1131 3489 1240 3562 quarn
1259 3465 1435 3564 peditum,

378 3575 569 3676 putabatur
599 3575 809 3670 ascendere;
835 3593 942 3676 atque
964 3581 1126 3679 prolecto
1157 3581 1203 3652 ad
1230 3605 1293 3652 eos
1313 3583 1436 3679 oppri-

378 3689 528 3764 mendos
555 3692 701 3764 minime
727 3695 925 3765 necessaria
951 3709 1026 3766 erat
1051 3693 1189 3765 hostilis
1215 3699 1435 3792 congressi0,

377 3809 445 3880 nisi
465 3807 661 3881 admodum
681 3834 810 3908 parva,
834 3812 952 3908 quiet
973 3809 1200 3883 inclementia
1218 3812 1438 3907 rigidissime

376 3923 521 4016 hiemis,
545 3939 580 3998 et
600 3925 692 4002 tame
712 3942 820 4024 atque
837 3927 977 4026 inopia,
999 3927 1105 3998 variis
1125 3927 1233 3998 etiam
1250 3925 1387 3999 morbis
1403 3943 1438 4000 et

376 4041 608 4142 languoribus
618 4043 801 4142 jampaene
815 4043 967 4115 consecti
977 4045 1200 4116 etexanimcs
1212 4057 1326 4114 eraut.
1335 4043 1438 4116 Adde

378 4162 477 4259 quod
495 4163 615 4261 plures
636 4163 742 4235 etiam
765 4176 867 4236 erant
889 4163 926 4233 in
947 4163 1071 4236 castris
1090 4161 1159 4234 illis
1178 4162 1352 4252 inermes,
1374 4161 1435 4258 qui

380 4277 433 4349 vel
450 4302 547 4350 arma
567 4304 633 4378 pro
654 4271 789 4349 cibario
807 4302 898 4376 pane
918 4277 1173 4372 vendiderant,
1193 4265 1247 4350 vel
1268 4276 1436 4376 pecunias
