3282 5168
606 521 715 578 LIBER
742 523 906 583 TERTIUS.
1228 525 1286 586 285

229 651 513 740 insurrexissev,
535 651 643 724 etiarn
660 652 736 752 ipse
754 654 874 728 denuo
889 680 910 729 a
926 681 1008 754 rege
1028 657 1285 756 indulgentiam

230 780 266 838 et
281 767 422 839 veniam
445 767 594 866 accepit.
614 767 684 840 Sed
702 793 786 842 cum
807 772 902 871 ipse,
921 774 983 870 qui
1000 773 1188 846 sceleratus
1210 790 1285 848 erat

230 895 266 952 et
279 881 455 980 pessimus
469 881 643 975 moribus,
662 883 774 957 elatus
789 887 939 958 nimium
955 903 1058 980 esset,
1073 912 1285 988 semperque

232 999 337 1070 novis
350 998 458 1070 rebus
473 999 625 1072 inhiaret
645 1015 752 1097 atque
772 1002 989 1095 intenderet,
1011 1029 1177 1103 maguam
1194 1030 1285 1077 sem-

231 1137 295 1210 per
313 1130 349 1187 et
372 1114 575 1212 expeditam
598 1115 759 1188 militiam
784 1131 902 1189 tenere
918 1133 954 1190 et
969 1119 1100 1193 habere
1117 1119 1285 1218 cupiebat

179 1283 182 1290 η
231 1244 265 1301 et
290 1229 336 1302 de
360 1229 454 1303 lacto
487 1230 656 1304 habebat.
681 1235 798 1320 Quam
824 1258 907 1306 cum
935 1260 978 1306 ex
1003 1237 1104 1308 terris
1130 1235 1285 1334 propriis

233 1347 380 1420 minime
396 1347 491 1421 alere
511 1364 649 1448 posset,
668 1373 732 1420 seu
756 1349 802 1421 ad
824 1351 1000 1450 stipendia
1020 1354 1189 1440 retinere,
1208 1377 1282 1424 non

231 1462 342 1551 modo
365 1462 528 1536 subditos
547 1481 719 1537 terrarum
742 1489 887 1537 suarum
907 1468 1057 1567 rapinis,
1075 1467 1230 1540 caedibus
1249 1482 1284 1540 et

231 1579 335 1652 variis
353 1580 561 1678 injuriarum
582 1580 699 1653 modis
719 1581 961 1680 opprimebat,
982 1586 1231 1657 verumetiam
1249 1595 1285 1656 et

231 1709 339 1766 terras
361 1697 469 1792 regis,
492 1697 565 1769 suis
590 1696 741 1788 vicinas,
761 1698 1041 1796 circumquaque
1066 1699 1226 1773 vastabat
1248 1713 1284 1770 et

229 1809 439 1908 populabat.

279 1929 429 2024 Propter
453 1951 532 2025 quae
554 1928 825 2026 provincialium
850 1928 1018 2028 querelis,
1045 1945 1118 2004 tam
1141 1931 1187 2003 de
1211 1933 1284 2004 suis

232 2066 342 2139 quam
362 2041 537 2141 regalibus
562 2042 746 2128 dominiis,
772 2047 906 2118 excitus
927 2071 1006 2133 rex,
1037 2071 1120 2119 cum
1149 2048 1283 2120 nedum

227 2157 386 2254 ingratus
402 2159 592 2256 gratiarum
609 2155 677 2230 sibi
694 2157 880 2249 laetarum,
895 2160 958 2233 sed
971 2176 1007 2233 et
1022 2163 1129 2234 etiam
1142 2164 1283 2259 penitus

228 2273 478 2372 incorrigibilis
494 2289 696 2374 appareret,
713 2274 821 2346 misso
838 2275 994 2348 exercitu
1014 2291 1139 2349 contra
1158 2303 1243 2350 eum
1255 2281 1279 2368 ¹,

229 2389 356 2462 iterato
372 2414 473 2474 eum,
492 2391 591 2462 terris
614 2391 686 2462 suis
705 2403 740 2460 et
760 2389 929 2462 dominiis
944 2405 1092 2463 exutum
1115 2406 1151 2463 et
1166 2393 1281 2466 nuda·

228 2518 318 2598 tum,
337 2507 537 2607 profligavit
548 2521 582 2578 et
595 2505 641 2577 ad
653 2527 796 2577 saxosos
809 2528 881 2575 suae
892 2505 991 2578 vallis
1004 2511 1103 2578 Aurae
1116 2508 1282 2606 scopulos

227 2620 347 2720 sugere
368 2621 565 2720 compulit³.
578 2625 617 2693 lu
634 2619 863 2718 quibuscum
882 2621 985 2693 annis
1001 2621 1138 2719 aliquot
1152 2624 1281 2696 iterum

227 2737 326 2809 exsul
342 2751 448 2836 atque
465 2736 635 2838 profugus
659 2735 834 2829 latuisset,
855 2735 999 2808 tandem
1015 2760 1036 2808 a
1050 2736 1200 2810 domino
1215 2743 1282 2814 Ca·

227 2852 306 2926 rolo
324 2854 416 2926 duce
429 2853 639 2952 Aquitania,
659 2851 876 2924 desciscente
888 2877 909 2923 a
919 2875 1001 2950 rege
1017 2875 1185 2947 germano
1199 2880 1279 2946 suo,

227 2983 263 3040 et
277 2971 418 3042 noviter
439 2970 633 3042 instaurato
654 2967 785 3042 loedcre
803 2966 1098 3064 Burgundionum
1117 2967 1199 3041 duci
1216 2969 1295 3050 ad,

196 3079 200 3088 ’
228 3083 401 3181 glutinato
419 3101 524 3182 atque
538 3084 730 3172 resociato,
748 3107 792 3154 er
809 3081 877 3154 illis
894 3082 986 3154 saxis
1004 3096 1040 3153 et
1056 3080 1210 3156 latibulis
1235 3085 1281 3158 ad

226 3199 340 3297 prisca
357 3201 517 3274 dominia
531 3201 731 3296 domosque
742 3213 907 3296 paternas
923 3211 959 3269 et
975 3197 1085 3270 avitas
1100 3199 1282 3274 restitutus

229 3329 265 3386 et
287 3319 463 3415 repositus
487 3315 564 3387 luit.
593 3314 645 3386 ld
674 3339 794 3410 regem
821 3314 918 3385 enim
942 3313 1129 3387 inimicum
1156 3339 1281 3410 gerens

228 3433 407 3522 animum,
428 3429 595 3522 omnibus
610 3428 788 3526 satagebat
808 3445 846 3500 ut
864 3431 899 3502 in
918 3444 1035 3528 partes
1056 3453 1156 3520 suas,
1173 3455 1281 3529 quos-

227 3572 382 3646 cumque
422 3560 565 3647 posset,
600 3545 779 3642 principes
807 3543 962 3616 alliceret
1003 3545 1280 3642 conciliaretque

111 3657 115 3664 ⁸
225 3664 395 3738 adversus
410 3687 541 3760 regem.
562 3659 715 3732 Dolebat
733 3659 831 3731 enim
857 3685 894 3732 se
910 3659 957 3732 ab
981 3684 1026 3733 eo
1052 3662 1156 3735 fuisse
1182 3667 1278 3735 Nor-

227 3784 370 3857 mannia
383 3777 585 3881 depulsum,
600 3801 708 3876 quam
721 3801 763 3847 ex
778 3788 926 3872 paterna
948 3774 1180 3875 dispositione
1203 3780 1280 3878 pri-

265 3997 294 4055 l.
317 3997 388 4052 [ors
402 3990 439 4051 de
452 3989 480 4048 la
496 4005 601 4069 guerre
613 3983 654 4044 du
666 3982 736 4042 Bien
754 3979 861 4061 public.

265 4083 295 4232 ξ.
317 4081 476 4242 5³¹·qu
492 4165 645 4244 rerumque
662 4159 828 4240 (cidessus,
846 4181 876 4240 p.
893 4162 963 4234 280,
978 4174 1045 4222 note
1058 4163 1095 4234 l)
1107 4181 1164 4239 que
1177 4165 1245 4220 dest
1261 4162 1278 4222 l

226 4257 396 4326 Fontarabie
408 4277 466 4336 que
479 4257 507 4315 le
519 4267 613 4313 comte
624 4253 815 4330 d'Armagnnc
829 4251 945 4338 s’euluit¹
959 4250 986 4310 la
1000 4249 1123 4310 seconde
1139 4248 1202 4349 lois.
