3402 5186
679 529 788 590 matt
807 533 956 592 PRIMUS.

621 849 878 919 CAPITULUM
902 853 1011 920 XXV.

472 1049 513 1102 De
527 1048 677 1122 captivitate
690 1049 808 1104 Bastardi
818 1049 853 1104 de
863 1049 1000 1124 Rubempre
1009 1051 1038 1104 in
1050 1057 1165 1105 Gorcum.

337 1251 427 1320 Cum
444 1249 555 1333 enim,
574 1262 614 1320 ut
631 1271 739 1348 supra
754 1249 955 1340 retulimus,
975 1263 1160 1323 contracta
1176 1249 1352 1324 nonnulla

288 1366 478 1464 inpetrem
501 1363 655 1462 oflensa,
675 1379 837 1437 metuens
854 1380 1045 1465 paternam
1064 1366 1352 1464 indignationem

288 1481 351 1554 diu
373 1480 471 1579 apud
491 1479 665 1574 Gorlum,
692 1480 888 1553 Hollaudiae
913 1481 1112 1580 oppidum,
1137 1481 1350 1575 delituisset,

288 1597 324 1668 in
350 1595 480 1668 eodem
505 1595 606 1684 loco,
639 1595 701 1694 qui
728 1619 834 1694 supra
864 1594 978 1667 Rheni
1003 1596 1137 1669 fluenta
1162 1598 1250 1669 situs
1278 1612 1352 1688 est,

288 1734 418 1809 magna
439 1710 605 1810 capiebat
626 1709 769 1802 solatia,
788 1708 938 1782 diversis
953 1709 1128 1801 venandi,
1148 1712 1354 1811 aucupandi

287 1853 350 1902 seu
375 1827 536 1926 piscandi
564 1826 738 1900 exercitiis
764 1828 936 1926 temporis
970 1826 1109 1901 fastidia
1144 1828 1350 1903 excludens.

288 1943 444 2039 Contigit
468 1958 589 2016 autem
615 1958 673 2036 ut,
703 1968 778 2015 uno
803 1942 897 2034 die¹,
925 1944 1073 2041 quidam
1096 1945 1286 2018 Bastardus
1307 1945 1353 2019 de

288 2057 512 2156 Rubemprd',
532 2059 591 2131 cni
607 2083 629 2132 a
645 2082 728 2154 rege
749 2057 884 2130 traditae
906 2072 1008 2131 erant
1029 2058 1109 2132 duae
1131 2059 1251 2156 galleae
1268 2061 1353 2134 sub-

289 2174 367 2248 tiles
393 2175 503 2273 (quas
532 2189 668 2249 veteres
697 2199 759 2248 seu
784 2175 1001 2269 dromones,
1029 2201 1093 2251 seu
1123 2178 1352 2278 mioparones

288 2289 528 2390 appellarunt)
549 2291 635 2362 viris
652 2290 831 2388 armisque
851 2291 1047 2385 instructae,
1067 2305 1106 2363 ut
1128 2292 1174 2366 ad
1195 2309 1352 2368 secretos

289 2406 378 2480 lines
401 2407 514 2479 maria
536 2420 572 2479 et
594 2406 744 2478 flumina
765 2405 1007 2496 collustraret,
1032 2431 1117 2479 cum
1136 2406 1277 2482 duabus
1297 2410 1353 2484 vel

289 2523 399 2596 altera
419 2548 462 2595 ex
481 2521 691 2621 hujusmodi
711 2520 830 2618 galleis
848 2521 893 2592 ad
912 2523 1028 2622 ripam
1049 2522 1162 2594 Rheni
1179 2522 1350 2614 fluminis,

284 2640 386 2736 juxta
401 2638 536 2712 dictum
553 2636 727 2738 oppidum
747 2635 793 2708 de
812 2635 985 2724 Gorlum,
1005 2636 1228 2710 adventaret.

339 2755 409 2843 Qui
429 2779 512 2826 cum
532 2753 603 2826 illic
624 2777 700 2825 uno
717 2751 924 2852 pluribusve
946 2753 1099 2826 stetisset
1115 2752 1259 2845 diebus,
1281 2753 1353 2830 hoc

289 2870 435 2970 praelato
455 2870 587 2942 comite
608 2869 753 2967 suisque
776 2868 1022 2966 ignorantibus
1045 2893 1112 2942 nec
1137 2870 1353 2943 attendenti·

289 2985 375 3079 bue,
395 2985 589 3084 quemdam
606 3010 650 3057 ex
671 2985 776 3058 sociis
792 2985 864 3058 suis
882 2984 972 3058 sorte
989 2986 1139 3083 contigit
1155 2987 1351 3086 oppidum,
1381 3017 1384 3025 ·

290 3102 518 3174 recreationis
538 3125 663 3192 causa,
690 3101 852 3174 introire.
882 3101 1057 3189 Quicum
1079 3126 1102 3175 a
1124 3102 1284 3200 quodam
1307 3100 1354 3173 de

290 3215 402 3290 domo
425 3231 462 3290 et
484 3215 616 3290 familia
639 3217 772 3315 praelati
793 3216 932 3289 domini
954 3216 1000 3290 de
1024 3217 1213 3290 Charobt's
1232 3216 1356 3291 fuisset

290 3333 445 3431 agnitus,
466 3332 512 3405 ab
532 3332 661 3404 eodem
677 3331 768 3404 nihil
784 3333 985 3433 suspicante
1001 3333 1154 3405 comiter
1169 3348 1222 3406 est
1241 3334 1354 3406 inter-

290 3464 435 3545 rogatus
446 3471 612 3547 quaenam
624 3472 731 3524 causa
741 3447 860 3547 ipsum
875 3449 936 3521 illo
949 3447 1165 3521 adduxisset.
1181 3448 1253 3537 Qui
1265 3447 1355 3521 nihil

291 3565 398 3638 etiam
421 3564 467 3637 de
491 3564 549 3637 his
571 3565 677 3638 rebus
703 3566 890 3658 conscius,
919 3591 985 3666 pro
1011 3565 1142 3664 quibus
1166 3568 1267 3642 navis
1292 3566 1354 3639 illo

292 3681 497 3780 appulisset,
513 3681 601 3754 dixit
616 3707 654 3754 se
667 3706 751 3754 cum
765 3683 911 3781 praefato
927 3683 1097 3757 Bastardo
1112 3683 1196 3756 illuc
1212 3683 1355 3779 navigio

290 3796 498 3870 adventasse
522 3822 606 3870 cum
631 3797 772 3870 circiter
796 3797 980 3896 octoginta
1003 3798 1090 3872 viris
1112 3799 1270 3872 armatis.
1296 3797 1355 3870 Ob

333 4007 363 4064 l.
385 4003 438 4064 Fin
453 4000 490 4063 de
505 4001 669 4082 septembre
687 4005 776 4064 llil.

332 4098 362 4156 2.
384 4093 487 4155 C’etait
501 4113 542 4154 un
559 4093 677 4153 homme
691 4097 707 4154 l
720 4105 784 4154 tout
801 4092 889 4172 faire,
908 4093 959 4175 qui
974 4093 1063 4156 tenuit
1076 4095 1094 4158 h
1110 4095 1138 4155 la
1150 4093 1298 4175 puissante
1311 4093 1357 4153 la·

293 4185 372 4246 mille
386 4185 437 4246 des
452 4188 541 4262 Groy,
557 4203 607 4244 car
621 4181 650 4243 le
663 4183 798 4265 seigneur
811 4183 848 4244 de
859 4185 1039 4265 Rubempri‚
1056 4205 1108 4246 son
1123 4185 1210 4257 frere,
1232 4183 1300 4242 etait
1314 4183 1366 4242 fils

291 4275 329 4336 de
341 4275 370 4337 la
381 4295 489 4358 propre
500 4294 579 4336 soeur
589 4273 630 4333 du
640 4273 697 4333 sire
710 4273 747 4334 de
758 4277 844 4355 croy.
