3384 5184
379 559 436 617 tot
488 598 497 613 .
525 612 530 623 ,
648 553 904 614 fflsroltmttmt
923 553 1102 614 LtJuovlcl
1121 557 1164 614 x1
1189 589 1191 596 ·

427 666 595 762 Mandata
622 688 730 784 igitur
760 712 825 787 per
852 701 965 763 terras
994 711 1077 760 suas
1105 688 1288 766 destinans
1320 695 1437 770 dictus

379 805 522 880 illustris
538 827 659 876 comes
676 803 722 874 de
741 803 936 891 craxatore,
955 827 1039 875 oum
1056 806 1182 903 optimi
1197 809 1366 903 genitoris
1382 813 1438 885 sui

378 923 530 1021 imperio
546 945 588 994 ao
603 920 800 1012 voluntate,
818 941 990 1014 magnum
1005 934 1111 1017 atque
1127 921 1287 996 validum
1303 928 1437 1000 exerci-

375 1036 456 1110 hm
479 1035 718 1133 congregavit.
742 1034 851 1130 Cujus
872 1047 1024 1109 comus
1046 1061 1109 1108 rex
1129 1039 1247 1110 enisus
1268 1039 1437 1118 cohibere

322 1169 325 1186 '
378 1168 484 1251 atque
506 1152 719 1265 reprimere,
742 1149 780 1220 id
804 1164 889 1221 tunc
913 1149 1055 1223 efficere
1081 1177 1156 1224 non
1179 1157 1310 1252 potuit.
1338 1157 1437 1232 Idem

378 1270 486 1340 etiam
503 1267 664 1339 fecerunt
682 1265 753 1336 dux
775 1263 962 1358 Borbonii,
983 1265 1055 1338 dux
1074 1269 1263 1342 Britanniae
1282 1272 1319 1343 in
1337 1276 1438 1346 terris

378 1385 468 1476 suis,
489 1382 563 1454 dux
584 1379 783 1474 Calabriae¹,
809 1405 930 1454 comes
954 1383 1174 1476 Arminiaci¹,
1198 1401 1235 1458 et
1256 1387 1309 1458 vir
1332 1403 1439 1488 atque
1466 1469 1469 1476 ,

379 1500 547 1573 dominus
567 1498 744 1598 prudens,
767 1496 841 1570 dux
860 1501 1131 1572 Nemorsensis³.
1155 1504 1322 1577 Militares
1342 1508 1439 1579 enim

381 1614 624 1714 expeditiones
649 1628 756 1712 atque
783 1614 959 1688 exercitus
988 1639 1113 1688 ornnes
1139 1631 1175 1688 et
1198 1619 1343 1716 singuli,
1372 1647 1439 1720 pro

380 1734 492 1820 modo
507 1734 638 1806 virium
653 1754 817 1820 suarum,
836 1731 970 1828 praelati
987 1732 1165 1830 principes
1178 1734 1411 1831 collegenmt.

428 1849 505 1921 Sibi
533 1862 654 1920 autem
678 1846 833 1918 invicem
862 1843 1061 1918 condixisse
1086 1845 1291 1922 ferebantur
1317 1851 1437 1948 quod,

381 1965 427 2038 ad
451 1977 589 2035 certum
609 1962 724 2052 diem,
750 1985 878 2038 omnes
901 1975 938 2032 et
960 1962 1089 2058 singuli
1109 1987 1194 2036 cum
1215 1965 1287 2037 suis
1311 1968 1439 2040 milita·
1498 1981 1508 1996 '

381 2076 480 2150 ribus
508 2076 621 2173 copiis
648 2089 755 2171 atque
780 2072 992 2146 exercitibus
1016 2073 1194 2148 deberent
1215 2078 1310 2152 circa
1339 2081 1470 2166 Pari-,
1506 2105 1510 2112 ·

381 2192 536 2264 siensem
555 2188 682 2262 urbem
697 2188 735 2258 in
753 2211 866 2260 unum
882 2189 1093 2281 convenire,
1112 2203 1148 2262 et
1163 2189 1251 2282 illic,
1273 2194 1308 2264 in
1327 2217 1443 2268 unum

383 2300 539 2400 collecti,
565 2329 686 2401 regem
709 2302 857 2401 quidem
883 2304 1040 2403 primum
1066 2306 1268 2402 adhortari,
1294 2309 1443 2386 demum

383 2426 508 2518 etiam,
531 2423 594 2496 ubi
614 2422 782 2496 reluctari·
798 2436 905 2520 atque
923 2421 1094 2533 obpistere
1115 2423 1237 2516 vellet,
1260 2441 1443 2504 coarctare

383 2556 424 2614 ut
439 2541 477 2612 in
498 2541 594 2638 regia
611 2564 674 2613 sua
695 2538 883 2612 Parisiensi
904 2539 1088 2612 universos
1110 2541 1211 2637 regni
1226 2545 1309 2615 Tres
1324 2546 1443 2619 Status

384 2655 1169 2753 solemnitercongregaret,quorumcousilio
1182 2669 1442 2755 atqueassensu

384 2797 551 2874 proceres
577 2773 678 2869 regni
700 2771 908 2869 praelatique
930 2771 1109 2870 principes
1136 2771 1232 2870 leges
1254 2789 1290 2846 et
1313 2789 1445 2850 statuta

383 2905 491 2988 atque
503 2887 646 2962 decreta
658 2901 848 2985 ponerent,
865 2885 995 2982 quibus
1007 2887 1126 2986 ipsum
1138 2913 1289 2986 regnum
1302 2890 1356 2987 (in
1370 2917 1443 2990 quo

384 3005 528 3107 populis
554 3003 699 3076 libertas
728 3001 843 3094 nulla,
869 3001 1004 3098 justitia
1034 3005 1177 3103 penitus
1205 3021 1383 3104 prostrata
1409 3024 1446 3081 et

385 3126 503 3222 lapsa,
528 3119 679 3218 rapinae,
704 3117 818 3216 spolia
840 3141 1058 3215 pauperum,
1083 3120 1237 3218 iujuriae,
1259 3121 1444 3197 bonorum

386 3238 605 3335 direptiones
631 3259 699 3333 pro
725 3232 837 3304 nihilo
863 3231 1057 3328 ducuntur,
1088 3251 1124 3310 et
1149 3239 1346 3314 innumerae
1368 3241 1446 3316 aliae

385 3351 645 3444 exorbitantia,
667 3348 735 3422 sub
757 3350 855 3446 regio
878 3350 1042 3444 nomine,
1064 3352 1306 3428 inhumaniter
1323 3371 1359 3429 et
1374 3359 1444 3430 ini·

386 3489 457 3564 que
482 3478 708 3557 exercentur,
734 3463 858 3561 religio
883 3481 1006 3538 sancta
1032 3467 1265 3542 conculcatur
1294 3485 1330 3542 et
1356 3496 1446 3544 cou-

387 3581 538 3678 temptui
562 3579 728 3674 habetur,
757 3581 943 3654 immensis
969 3597 1005 3655 et
1028 3584 1311 3660 intolerabilibus
1334 3590 1445 3661 vecti·

387 3697 524 3798 galibus
548 3712 585 3770 et
608 3695 748 3770 tributis
774 3698 993 3798 singularum
1021 3699 1149 3772 accolae
1175 3701 1444 3799 provinciarum

386 3815 632 3892 miserabiliter
645 3814 913 3926 opprimuntur)
928 3818 1183 3892 instauraretur
1196 3817 1390 3918 aliquando
1407 3823 1444 3896 in

386 3933 524 4010 melius.

426 4129 455 4186 l.
475 4083 638 4200 ’Jean,duc
649 4121 686 4182 de
699 4121 838 4182 lorraine
855 4133 884 4182 et
899 4120 936 4180 de
948 4119 1085 4200 Celebre,
1102 4121 1147 4182 fils
1160 4123 1200 4182 du
1214 4123 1258 4184 roi
1271 4123 1361 4184 Rene.

425 4219 455 4273 2.
477 4217 566 4288 Jean,
580 4225 674 4271 comte
688 4211 890 4290 d’Anuagnac.

425 4307 455 4363 3.
477 4307 600 4381 Jacques
613 4301 822 4384 d'Armagnao,
838 4300 894 4360 duc
907 4299 945 4358 de
958 4304 1111 4362 Nemours.
