3384 5184
638 565 747 622 LIBER
765 566 965 628 SECUNDUS.
1274 572 1331 628 103

272 697 374 770 ducis
400 695 689 785 Aurelianensis¹,
715 709 750 770 et
772 723 837 797 per
858 697 931 771 hoc
953 699 1060 774 etiam
1085 723 1199 800 nepos
1225 702 1330 774 suus·

272 815 471 904 exsisteret,
490 813 596 886 simul
614 814 722 886 etiam
739 815 823 913 quia
836 839 922 888 suus
936 815 1061 890 irater·
1075 842 1158 890 eum
1175 819 1327 890 maxime

272 927 419 1024 diligere
436 927 638 1019 videbatur,
657 929 757 1027 quod
770 929 868 1029 apud
883 946 1078 1029 utrumque
1092 947 1211 1030 posset
1226 933 1324 1031 quod

270 1042 376 1116 vellet
399 1043 499 1117 facile
525 1043 709 1144 perlicere.
731 1049 881 1140 Tamen,
907 1070 954 1119 an
976 1049 1025 1120 ita
1049 1047 1155 1122 luerit
1176 1074 1237 1122 rex
1260 1049 1328 1122 sibl

270 1162 527 1255 comminatus,
547 1177 772 1262 compertum
790 1189 865 1235 non
882 1164 964 1236 satis
981 1163 1184 1254 habemus&

318 1281 398 1376 lpse
417 1279 534 1376 itaque
552 1303 690 1370 comes,
704 1279 804 1376 jussu
820 1281 935 1376 regio,
954 1304 1019 1379 per
1037 1280 1179 1353 alveum
1196 1281 1328 1379 Ligeris
1443 1274 1454 1304 ⁸

269 1395 306 1466 in
328 1395 548 1467 Britanniam
569 1395 768 1488 descendit,
794 1396 857 1468 sed
880 1396 1037 1470 mediam
1054 1396 1200 1494 quidem
1218 1397 1329 1497 proli·

269 1511 405 1584 ciscens
417 1512 630 1608 legationem
644 1513 738 1604 lecit,
752 1511 797 1584 de
809 1538 875 1585 suo
888 1527 1007 1584 autem
1019 1513 1135 1585 reditu
1147 1512 1195 1585 ad
1208 1539 1328 1613 regem

269 1627 417 1698 minime
440 1630 620 1728 cogitavit.
648 1627 718 1700 Sed
738 1652 823 1701 cum
843 1642 920 1700 tuto
939 1653 977 1700 se
996 1629 1231 1702 constitutum
1250 1653 1327 1703 cer·

239 1765 242 1772 ⁴
269 1758 369 1816 neret
395 1767 479 1817 cum
506 1758 605 1843 parte
631 1743 728 1818 bona
755 1769 825 1816 suae
850 1742 1092 1844 supellectilis,
1119 1744 1191 1817 illic
1215 1769 1327 1844 quam

268 1861 314 1932 ad
337 1885 457 1958 regem
478 1863 606 1934 reverti
625 1860 750 1934 maluit
771 1861 961 1933 consistere
981 1877 1017 1934 et
1037 1863 1228 1956 remorari,
1252 1866 1326 1961 regi

268 1980 484 2052 denuntians
507 1979 606 2076 quod
629 2005 667 2052 se
689 1981 838 2052 minime
860 1994 945 2052 tunc
968 1978 1075 2052 adse
1097 2003 1325 2052 reversurum

144 2073 152 2088 ⁹
243 2110 504 2198 :exspectaret
512 2100 611 2169 Cum
634 2111 752 2167 autem
772 2095 843 2168 illic
864 2110 971 2189 esset,
999 2120 1220 2191 cognoscens
1241 2097 1323 2168 satis

266 2225 302 2281 et
321 2203 588 2310 perspectds
549 2210 687 2282 hahens
709 2211 801 2306 regis
825 2224 899 2282 tam
923 2210 1080 2283 inciviles
1100 2235 1209 2342 quarn
1225 2213 1324 2308 '-quo

267 2324 463 2398 dammodo
479 2311 652 2400 barbaros
667 2341 702 2398 et
719 2326 936 2398 inhumanos
954 2327 1074 2398 mores
1090 2339 1125 2399 et
1141 2326 1320 2417 animum,

266 2441 313 2514 ad
340 2441 592 2556 inveniendam
615 2417 827 2548 viamgqua
854 2441 1020 2514 indomiti
1046 2456 1081 2514 et
1106 2443 1319 2536 voluntarii,

267 2558 387 2654 potius
405 2583 514 2656 quam
534 2545 647 2634 innixi
668 2558 807 2630 ratione
815 2551 992 2656 ,lmores
982 2557 1094 2655 ipsius
1110 2556 1271 2630 edomari
1287 2572 1323 2630 et

265 2673 440 2747 civiliores
456 2689 563 2774 atque
581 2674 789 2747 urbaniores
804 2671 925 2767 reddi,
946 2687 982 2744 et
1002 2669 1201 2771 respublica
1222 2674 1322 2768 regni

266 2789 365 2888 (quae
393 2806 467 2864 tota
494 2816 596 2891 paene
619 2788 773 2888 dilapsa,
802 2789 876 2861 imo
903 2803 998 2884 certe
1021 2789 1140 2862 verius
1162 2787 1261 2888 nulla
1287 2803 1323 2862 et

265 2907 433 2981 exstincta
449 2907 545 3006 erat)
562 2909 600 2980 in
614 2920 744 2980 statum
759 2904 945 2978 meliorem
958 2905 1147 2978 instaurari
1159 2920 1318 3004 possent,

264 3047 346 3094 cum
367 3023 445 3097 aliis
468 3027 569 3122 regni
593 3005 839 3123 principibus,
858 3037 898 3094 ut
920 3048 982 3096 cos
1004 3023 1041 3094 in
1065 3045 1177 3095 unam
1199 3046 1322 3095 secum

263 3142 476 3214 sententiam
492 3140 697 3238 adduceret,
716 3141 876 3212 animum
892 3138 1063 3231 intendit,
1075 3153 1111 3210 et
1125 3162 1189 3237 per
1205 3138 1323 3210 varios

264 3259 423 3355 nuntios,
438 3275 473 3335 et
485 3259 652 3360 epistolas
660 3259 706 3331 ad
718 3256 875 3362 singulos
889 3259 1024 3350 missas,
1039 3257 1213 3356 practicas
1224 3257 1318 3329 lecit.

188 3380 203 3402 ⁸·
264 3378 334 3462 Qui
349 3402 433 3449 cum
448 3401 586 3467 omnes,
601 3376 737 3467 litteris,
751 3375 869 3474 sigillis
880 3389 915 3448 ct
928 3373 1158 3448 sacramentis
1167 3373 1322 3447 invicem

266 3491 400 3566 traditis
423 3519 464 3567 ac
486 3493 664 3592 prestitis,
684 3493 878 3564 arctissime
899 3506 1026 3564 mutuo
1043 3516 1119 3564 sese
1138 3489 1320 3564 devinxis-

264 3623 360 3700 scnt,
380 3609 448 3682 sub
465 3611 612 3682 nomine
627 3606 771 3680 illustris
787 3606 920 3708 praelati
934 3607 1073 3680 domini
1087 3605 1220 3703 Caroli,
1242 3633 1321 3682 om·

265 3747 328 3796 nes
343 3723 408 3797 sibi
426 3725 586 3798 subditos
600 3725 646 3798 ad
659 3749 759 3798 arma
771 3723 1022 3870 convocarunt
1031 3731 1068 3796 tt
1081 3725 1318 3799 concitarunt.
1389 3797 1397 3810 ,

304 3959 333 4018 1.
356 3959 457 4016 Parsa
473 3957 570 4030 mere,
588 3954 764 4037 Marguerite
779 3953 940 4018 d’Orleans

304 4047 334 4108 2.
357 4049 398 4105 Le
411 4059 505 4106 comte
519 4044 555 4106 de
568 4046 683 4106 Dunois
693 4045 771 4106 etant
784 4043 861 4105 frere
873 4046 987 4106 naturel
1001 4045 1038 4106 de
1053 4041 1238 4181 Marguerite.

304 4139 333 4196 3.
356 4133 489 4194 Lelrere
503 4134 639 4196 duroi..

303 4228 334 4288 l.
356 4229 388 4284 L
391 4237 495 4286 auteur
507 4245 527 4285 n
528 4225 616 4285 'avan
629 4246 681 4305 pas
692 4226 746 4284 mis
761 4237 836 4288 cette
848 4245 965 4286 reserve
979 4231 996 4286 t
1010 4226 1038 4287 la
1051 4224 1195 4306 premiere
1207 4223 1322 4285 version

264 4313 335 4392 qu’il
348 4334 367 4374 a
381 4314 495 4376 donnee
508 4313 548 4374 du
561 4315 655 4374 m'eme
669 4313 730 4374 fait.
745 4313 911 4392 (li-deseos,
927 4337 959 4396 p.
975 4317 1023 4377 99.
1082 4381 1084 4384 ,

423 4453 448 4492 11
