3272 5182
565 545 676 601 LIBER
700 541 901 602 SECUNDUS.
1203 541 1260 598 177

204 677 401 775 compleret
414 674 523 768 diem,
537 701 575 748 se
586 669 716 748 devehi
730 673 825 748 iecit.
842 677 924 761 Quo
939 672 1035 763 loco,
1051 670 1263 746 adveniente

203 807 338 882 aestate,
362 793 490 894 plenus
511 793 652 866 dierum
672 817 716 864 ex
735 792 803 865 hac
824 791 988 864 instabili·
1000 791 1078 864 luce
1099 791 1263 888 migravit

201 909 249 982 ad
272 911 500 1000 Dominum¹,
527 911 648 982 multis
670 908 827 1009 proiecto
852 908 1007 980 heroicis
1031 931 1074 980 ao
1099 905 1262 980 civilibus

203 1023 392 1098 virtutibus
405 1024 535 1116 clarus,
553 1040 602 1116 et,
616 1049 682 1096 suo
698 1030 790 1114 aev0‚‘
806 1048 879 1123 prae
891 1023 1025 1095 caeteris
1041 1021 1153 1095 ferme
1169 1023 1262 1096 occi·

201 1140 319 1213 dentis
346 1139 568 1241 principibus
593 1138 832 1233 felicissimus,
851 1153 887 1211 et
903 1139 977 1211 suis
993 1136 1231 1224 amatissimus
1239 1140 1262 1210 ¹.

538 1541 792 1610 CAPITULUM
822 1541 915 1610 xlx.

195 1764 341 1833 Quomodo
355 1765 519 1818 Francorum
534 1781 581 1815 rex
596 1760 719 1816 comiteur
735 1759 770 1813 de
783 1761 901 1848 Worcjcit
911 1759 985 1834 apud
1003 1763 1199 1838 Rothomagum
1215 1785 1262 1822 ao·

231 1847 351 1912 ceraivi13
365 1848 441 1918 cnjuo
458 1845 620 1915 interventu,
636 1861 685 1918 per
696 1845 795 1916 legatos
810 1861 879 1914 quon
895 1862 982 1900 eccum
1000 1845 1029 1900 iu
1041 1848 1164 1922 Angliam
1178 1850 1256 1917 misit,

231 1927 387 1984 [caduceum
399 1927 546 2000 Angiorum
557 1945 618 2000 rege
630 1925 707 1999 petiit
718 1943 768 1980 nec
779 1924 904 1980 obtinuit.

242 2129 354 2199 Porro
370 2125 466 2218 licet,
481 2125 533 2197 uti
547 2123 714 2214 diximus,
729 2124 847 2198 nullos
865 2141 952 2199 tunc
969 2126 1115 2202 bellicos
1134 2147 1255 2206 motus

192 2247 414 2316 Francorum
431 2265 493 2313 rex
509 2240 699 2313 adversum
719 2241 990 2337 Burgundiones
1007 2242 1168 2344 aliosque
1187 2248 1254 2320 sibi

192 2359 363 2432 adversos
381 2355 480 2454 [nisi]
500 2356 626 2428 frustra
645 2370 680 2426 et
698 2354 929 2428 inefficaciter
945 2359 1164 2455 intentasset,
1179 2389 1254 2438 nou

192 2489 312 2546 tamen
330 2471 478 2545 feriabat
495 2472 600 2568 quin,
621 2470 666 2542 cd
688 2494 751 2543 eos
773 2470 992 2568 subigendos
1012 2500 1122 2574 seque
1137 2481 1183 2554 de
1201 2486 1253 2557 eis

190 2589 450 2681 ulciscendum,
466 2585 583 2686 qualia
604 2601 724 2690 posset
743 2587 904 2685 undique
916 2593 1144 2688 conquireret
1156 2603 1253 2672 auxi·

189 2704 248 2797 lia,
259 2705 465 2804 jaceretque
478 2703 724 2776 fundamenta.
741 2707 782 2774 Et
794 2704 890 2800 quia,
909 2704 957 2778 ad
969 2709 1251 2804 aggrediendum

189 2823 401 2922 Burgundiae
429 2835 535 2918 atque
557 2820 746 2892 Britanniae
765 2818 876 2893 duces
901 2845 1080 2920 suumque
1104 2853 1250 2924 germa-

187 2963 295 3029 num,
316 2937 510 3035 Anglorum
528 2949 643 3007 metus
659 2959 759 3025 eum,
778 2959 825 3006 ne
841 2934 878 3005 id
894 2934 1040 3027 iaceret,
1057 2941 1249 3022 cohibebat

187 3055 451 3154 ancipitemque
468 3052 659 3144 reddebat,
677 3075 804 3124 omnes
815 3052 949 3148 ingenii
963 3057 1017 3126 sui
1033 3059 1128 3131 vires
1140 3078 1248 3137 artes-

186 3198 257 3271 que
279 3174 472 3262 contraxit‚
498 3186 539 3242 ut
565 3195 685 3267 regem
712 3170 907 3266 Aogiorum
933 3170 1156 3267 Eduardum,
1186 3185 1247 3280 qui

185 3303 263 3362 tum
278 3288 426 3388 pacifice
442 3312 554 3384 regno
570 3285 788 3385 potiebatur,
807 3285 876 3358 sibi
891 3285 1100 3363 ioederando
1114 3308 1148 3364 et
1162 3320 1247 3370 con·

183 3405 339 3478 ciliando
364 3387 401 3477 in
421 3403 613 3476 amicitiam
636 3401 791 3474 traheret
810 3401 1103 3504 abstraheretque
1119 3411 1165 3484 ab
1181 3415 1244 3488 ad·

180 3670 253 3731 aller
266 3668 303 3730 de
321 3666 470 3728 Bruxelles
488 3668 505 3724 ὲ
522 3663 622 3738 Gand,
641 3663 764 3743 puisque
783 3663 905 3724 Maiines
926 3667 1020 3727 aurait
1041 3670 1181 3736 necessit&
1202 3699 1241 3740 un

180 3761 284 3820 detour
298 3779 347 3818 sur
360 3759 389 3817 ia
405 3755 529 3839 gauche,
543 3768 572 3814 et
585 3775 642 3836 que
654 3755 683 3814 le
696 3754 780 3827 trajet
795 3753 888 3813 direct
902 3774 956 3834 par
969 3775 1025 3818 ecu
1039 3773 1083 3819 est
1095 3767 1174 3826 truce
1190 3789 1244 3848 par

180 3849 208 3910 le
227 3867 313 3908 cours
333 3846 369 3906 de
393 3847 422 3906 la
444 3851 555 3920 senne,
576 3843 655 3902 dela
678 3843 770 3903 Nethe
792 3855 821 3903 et
841 3842 878 3903 de
894 3839 1028 3908 l'Esonut.
1052 3852 1190 3914 L’auteur
1212 3879 1243 3918 se
1263 3917 1265 3922 ,

179 3951 294 4018 trompe
304 3935 524 4016 probabIement
536 3953 573 3993 en
586 3944 631 3994 cet
644 3931 769 4005 endroit,
785 3951 897 3994 comme
910 3932 931 3991 il
948 3948 991 3995 est
1003 3939 1113 4000 certain
1125 3945 1196 4020 qu'il
1211 3962 1242 4007 se

61 4031 65 4036 “
179 4041 293 4107 trompe
307 4047 345 4086 au
368 4023 442 4099 sujet
458 4023 494 4083 de
512 4021 540 4083 ia
553 4021 687 4082 derniere
708 4023 792 4104 etape
810 4023 850 4083 du
864 4022 937 4104 duc,
951 4025 1002 4104 qui
1018 4026 1062 4086 fut
1081 4033 1192 4114 Bruges
1211 4047 1241 4095 et

177 4137 237 4178 non
251 4137 303 4198 pus
316 4115 401 4178 Lille.

217 4213 247 4269 i.
270 4213 311 4269 Le
327 4211 364 4267 15
375 4205 440 4282 juin
457 4207 544 4264 rtet.

217 4302 247 4360 2.
270 4303 505 4372 Amantissimo,
521 4293 592 4354 dans
606 4293 635 4354 le
649 4313 703 4354 ms.

334 4429 364 4470 11
