3014 5010
310 433 349 491 50
577 426 833 487 ΗΙὸΤΟΙὶΙΔΙὶΙΙΙΙ
851 427 1029 487 Luoovrct
1048 431 1089 487 xl

310 558 480 655 seriisque
496 556 602 629 rebus
614 554 782 628 omnibus
797 557 1029 653 improvisum
1042 583 1089 632 ne
1101 560 1148 631 ita
1158 557 1253 633 illud
1268 561 1384 634 obire

310 672 492 770 cogendus
516 672 627 768 esset)
654 696 691 743 se
716 686 921 744 excusatum
947 673 1041 771 apud
1067 699 1186 772 regern
1215 677 1380 767 laceret,

311 792 463 866 ollerens
480 815 518 864 sc
534 803 662 889 praesto
682 804 717 860 et
732 790 936 861 ultroneum
953 789 1000 861 ad
1016 789 1053 862 id
1075 816 1206 864 munus
1228 791 1384 865 obeun-

309 905 415 998 dum,
436 907 465 978 si
485 904 633 976 classem
654 905 860 974 instructam
887 918 921 975 et
948 902 1127 982 militiam,
1149 921 1382 1005 ceterasque

307 1047 364 1095 res
385 1021 432 1095 ad
456 1035 561 1093 tantae
585 1019 635 1090 rei
660 1017 791 1090 molem
814 1016 1066 1116 perficiendas,
1096 1020 1301 1094 concedere
1338 1037 1381 1095 et

309 1138 508 1210 ministrare
522 1133 638 1223 vellet,
654 1157 730 1204 non
746 1147 798 1204 est
814 1132 1019 1223 exauditus3
1040 1133 1103 1206 sed
1121 1149 1261 1208 mature
1281 1162 1376 1209 cum

307 1255 429 1349 regina
449 1253 671 1324 transfretare
688 1263 740 1322 cst
753 1249 903 1346 jussus¹.

357 1373 554 1466 Aggregans
576 1368 695 1463 itaque
715 1365 945 1438 collectitium
973 1368 1125 1441 militum
1150 1393 1375 1462 numerum,

306 1485 447 1557 circiter
458 1507 571 1582 usque
586 1483 632 1554 ad
646 1481 867 1579 octingentos
881 1483 993 1574 viros,
1006 1498 1081 1557 tam
1094 1487 1178 1577 suis,
1191 1510 1304 1585 quam
1321 1513 1377 1561 re·

307 1602 396 1697 ginae
407 1598 634 1700 sumptibus¹,
648 1622 731 1671 cum
747 1598 876 1692 exigua
888 1612 924 1669 et
939 1599 1021 1671 exili
1032 1600 1142 1675 classe
1157 1603 1195 1675 in
1207 1604 1372 1676 Scotiam

233 1733 239 1743 ·
306 1740 390 1788 cum
402 1716 524 1812 regina
539 1713 686 1811 trajecit.
702 1710 771 1783 Ubi
785 1737 867 1784 cum
879 1714 1005 1786 Scotos
1014 1713 1060 1786 ad
1070 1715 1258 1789 serendum
1273 1723 1374 1792 Hen-

304 1832 379 1903 rico
400 1829 529 1905 auxilia
544 1831 769 1921 concitasset,
786 1843 822 1900 et
838 1828 1012 1902 nonnulla
1029 1855 1143 1929 eaque
1164 1856 1274 1930 parva
1298 1860 1370 1933 pro

305 1948 459 2020 ilenrico
472 1947 622 2035 lecisset,
637 1948 751 2016 Scotis
767 1960 865 2041 terga
883 1947 1121 2020 vertentibus⁸
1137 1965 1172 2021 et
1188 1951 1252 2043 eis,
1272 1976 1371 2050 quos

304 2088 424 2136 secum
448 2089 491 2136 ex
513 2064 732 2135 Normannia
755 2061 921 2150 duxerat,
946 2062 993 2134 ab
1012 2064 1162 2160 Anglicis
1181 2067 1279 2138 caesis
1306 2068 1368 2140 fu-

302 2181 421 2277 sisque
431 2182 488 2252 vel
500 2179 657 2277 captivis,
673 2179 709 2249 iu
723 2179 979 2250 Normauniam
992 2181 1122 2252 iterum
1137 2206 1220 2253 curn
1236 2182 1368 2256 eadem

303 2297 425 2392 regina
441 2296 561 2368 denuo
578 2295 694 2367 redire
710 2308 856 2366 coactus
874 2297 960 2366 est⁸.
986 2298 1073 2382 Quae
1089 2296 1196 2368 etiam
1212 2296 1258 2368 de
1275 2301 1366 2371 Sco·

303 2425 423 2482 torum
440 2409 510 2482 fide
526 2435 600 2481 non
619 2409 703 2481 satis
719 2430 861 2501 secura,
887 2409 1093 2482 Edoardum
1111 2411 1361 2507 impuberem,

301 2552 406 2599 suum
425 2527 637 2623 Henricique
651 2527 742 2621 regis
758 2524 874 2598 lilium
890 2527 1050 2616 unicum,
1068 2552 1191 2599 secum
1203 2528 1361 2620 advexit,

303 2658 337 2714 et
352 2670 375 2716 a
390 2647 538 2735 Renat0,
555 2666 636 2736 rege
651 2641 788 2729 Siciliae,
804 2654 906 2739 patre
920 2666 1001 2732 suo,
1016 2658 1163 2740 accepto
1178 2644 1215 2714 in
1230 2642 1363 2716 ducatu

304 2759 464 2830 Barrensi
477 2756 557 2828 loco
572 2755 619 2828 ad
635 2754 855 2826 manendum
865 2805 874 2838 ‚
893 2754 956 2826 ubi
975 2755 1156 2828 fortunam
1175 2757 1362 2830 meliorem

300 2872 352 2968 (si
374 2872 504 2943 divinae
524 2870 646 2968 pietati
671 2868 840 2968 placitum
866 2868 1027 2964 adesset)
1051 2872 1268 2969 operiretur,
1298 2871 1362 2945 illo

301 2989 473 3084 perrexit,
497 3000 533 3058 et
556 3010 620 3081 per
643 3009 757 3056 annos
774 2984 893 3083 plures
912 2985 984 3057 illic
1002 2984 1163 3079 delituit,
1187 2989 1265 3060 viro
1292 2981 1361 3060 suo

343 3264 372 3319 l.
395 3266 441 3319 Au
457 3259 555 3318 milieu
573 3256 672 3315 d’aodt
687 3258 785 3328 rtet,
805 3255 832 3313 le
852 3254 896 3314 roi
912 3254 990 3314 e'tant
1010 3257 1026 3313 a
1047 3259 1160 3314 Rouen.
1181 3256 1223 3317 (ll.
1239 3255 1363 3338 tangite

303 3349 479 3428 Dulresuoy‚
496 3351 661 3420 commines,
677 3360 697 3407 t.
713 3351 753 3418 ΙΙ,
768 3366 798 3424 p.
816 3347 887 3404 373.

343 3441 371 3500 2.
395 3439 572 3513 Chastelain,
593 3438 643 3516 qui
663 3449 779 3496 raconte
797 3435 839 3493 les
856 3434 1027 3513 preparatil's
1043 3434 1079 3493 de
1097 3435 1285 3514 l'expedition
1298 3435 1365 3496 (Ιί-

303 3530 370 3608 pres
386 3527 414 3587 le
427 3516 496 3587 iecit
507 3547 564 3605 que
580 3527 621 3585 lui
637 3546 673 3584 en
687 3524 764 3583 avait
777 3523 827 3581 tait
839 3523 927 3581 Breze
941 3523 1111 3598 lui-meme,
1127 3522 1250 3583 attribue
1264 3544 1302 3583 au
1318 3526 1364 3584 roi

303 3614 331 3677 la
348 3616 510 3677 sourniture
532 3615 569 3674 de
583 3636 616 3673 ce
631 3613 795 3691 contingent
807 3610 844 3670 de
862 3610 925 3670 huit
944 3623 1023 3671 cents
1039 3611 1187 3688 hommes,
1206 3613 1279 3673 mais
1295 3633 1362 3674 sans

302 3717 405 3784 argent
417 3724 492 3783 pour
504 3704 546 3762 les
562 3721 662 3781 prayer.
677 3704 714 3758 1³²
728 3699 836 3778 partie,
855 3720 968 3761 cmxxv.

343 3796 372 3853 3.
395 3797 421 3851 Α
435 3812 474 3850 un
488 3791 546 3850 lieu
559 3810 616 3866 que
629 3792 757 3867 Georges
771 3787 931 3878 Chastelaip
945 3789 1059 3867 appelle
1076 3790 1140 3849 llel.

344 3887 371 3941 4,
396 3885 470 3940 C’est
483 3899 519 3938 en
533 3878 672 3949 Flandre,
691 3896 728 3934 au
746 3889 811 3954 port
827 3875 863 3933 de
880 3876 1019 3950 l’Ecluse,
1034 3890 1063 3938 et
1083 3898 1142 3937 non
1162 3898 1213 3956 pas
1231 3897 1269 3938 en
1284 3883 1361 3939 Nor-

303 3970 433 4042 mandie,
447 3987 505 4046 que
523 3967 621 4025 Pierre
634 3963 670 4022 de
689 3965 775 4023 Breze
791 3983 909 4023 romena
923 3965 951 4024 la
967 3966 1049 4026 reine
1064 3966 1281 4047 d’Angleterre‚
1297 3970 1315 4025 a
1334 3968 1362 4028 la

301 4060 342 4119 flu
357 4058 398 4117 du
411 4056 484 4115 mois
497 4052 596 4111 d’aodt
609 4055 697 4111 ¹⁴63.
709 4050 882 4122 Chastelain,
898 4055 938 4112 11·
951 4055 1057 4134 partie,
1072 4076 1098 4115 c.
1115 4077 1182 4133 1111,
1198 4069 1227 4116 et
1239 4056 1361 4136 Lenglet

303 4147 478 4221 Dulresnoy,
494 4144 661 4213 commines,
676 4153 698 4204 t.
715 4144 754 4216 11,
770 4161 800 4220 p.
817 4144 887 4200 178.
