3282 5168
397 506 454 561 au
668 463 924 562 memmium
943 503 1120 564 mooun
1141 504 1183 562 ru

396 660 548 734 suasque
560 649 672 708 terras
688 637 864 736 impetum
878 634 1102 725 facientibus,
1115 636 1192 734 ipse
1207 658 1275 708 nec
1290 633 1458 724 evadere,

396 775 464 823 nec
479 750 650 848 effugium
667 752 788 850 aliquo
804 753 843 823 in
859 751 942 825 loco
954 749 1089 825 habere
1102 767 1237 852 posset.

346 865 349 871 ’
445 867 590 938 Interim
618 881 757 953 autem,
795 864 1067 938 decurrentibus
1097 865 1217 956 adhuc
1248 864 1462 960 hujusmodi

396 983 549 1079 treugis,
576 1007 637 1055 rex
653 987 872 1074 Francorum
896 980 1074 1062 laboravit
1090 981 1157 1053 sihi
1177 981 1341 1078 subigere
1358 981 1464 1080 oppi-

395 1100 484 1172 dum
501 1099 717 1198 Perpiniani,
734 1096 1015 1196 nonnullosque,
1037 1101 1100 1200 qui
1117 1097 1163 1170 ah
1181 1123 1225 1169 eo
1242 1096 1461 1184 defecerant,

394 1217 431 1287 iu
450 1213 677 1288 comitatibus
694 1204 902 1286 Rossilionis
923 1229 959 1285 et
974 1215 1177 1306 Ceritaniae,
1197 1215 1235 1285 in
1260 1212 1460 1286 Catalonia.

272 1335 275 1341 '
396 1333 497 1418 Quos
511 1328 673 1428 quidem,
693 1330 801 1402 missa
811 1329 897 1401 illuc
914 1353 1045 1426 magua
1059 1343 1158 1429 parte
1174 1351 1320 1402 suarum
1338 1330 1463 1426 copia·

395 1470 497 1538 rum,
528 1445 664 1544 absque
689 1470 821 1544 magno
846 1447 992 1544 negotio
1015 1445 1062 1518 ad
1085 1445 1307 1526 deditionem
1325 1447 1461 1542 coegit,

397 1563 573 1661 impositis
588 1564 652 1656 eis,
672 1586 762 1661 quas
777 1563 903 1654 voluit,
917 1561 1067 1660 legibus.
1084 1566 1132 1637 Ex
1145 1561 1329 1634 nobilibus
1342 1575 1463 1636 autern

396 1693 498 1752 terrae
511 1693 546 1751 et
562 1678 631 1774 his,
651 1680 713 1778 qui
726 1678 929 1752 rebellionis
945 1693 1112 1751 auctores
1123 1678 1229 1751 luisse
1242 1677 1461 1766 serebantur,

397 1797 493 1896 capti
514 1795 612 1869 hello
631 1796 752 1895 plures
778 1797 894 1896 puniti
913 1796 1079 1885 luerunt,
1109 1794 1156 1868 ad
1179 1796 1268 1868 alios
1293 1787 1465 1869 edoman-

400 1911 468 1984 dos
477 1917 504 2012 ¹,

447 2028 615 2100 Similiter
642 2028 768 2117 etiam,
796 2049 880 2100 cnm
907 2026 1122 2126 oppidulum
1147 2023 1333 2124 quoddam
1360 2052 1465 2128 supra

399 2146 514 2243 ripam
532 2144 663 2235 Rheni,
683 2146 777 2217 inter
796 2145 986 2218 Coloniam
1002 2161 1039 2218 et
1054 2145 1350 2235 Confluentiam',
1375 2171 1466 2219 nun-

400 2274 571 2358 cupatum
600 2263 714 2352 Linz³,
741 2263 923 2360 pertinens
940 2261 1211 2362 archiepiscopo
1237 2261 1463 2352 Coloniensi,

400 2375 550 2448 haberet
577 2377 740 2476 praesidia
763 2377 904 2449 circiter
926 2377 1276 2475 quadringentorum
1306 2383 1466 2478 burgun-

401 2494 574 2587 dionum,
609 2520 688 2593 quae
705 2508 948 2567 commeatum
965 2519 1119 2567 annonae
1136 2492 1391 2568 descendentis
1403 2521 1466 2595 per

403 2609 567 2686 Rhenum
593 2612 803 2705 Coloniam,
840 2636 1058 2709 cursumque
1090 2611 1236 2682 navium
1268 2610 1465 2710 plurimum

401 2731 616 2829 impedirent
634 2745 742 2828 atque
758 2730 977 2819 infestarent,
990 2729 1039 2802 ad
1054 2729 1114 2802 illa
1129 2727 1391 2828 impedimenta
1399 2729 1465 2802 tol-

401 2841 509 2918 lenda
534 2845 616 2918 sccit
640 2846 835 2944 imperator
854 2869 919 2943 per
947 2843 1196 2918 marchionem
1216 2844 1262 2916 de
1285 2844 1467 2918 Branden·

402 2959 512 3060 burg‘
531 2974 568 3034 et
589 2961 678 3035 alios
704 2963 885 3061 principes
909 2962 1028 3061 ipsum
1053 2960 1222 3033 obsideri.
1252 2961 1364 3056 Cujus
1386 2986 1466 3034 cum

403 3079 535 3150 moenia
559 3093 595 3150 et
615 3077 889 3179 propugnacula
911 3079 1148 3178 petrariarum
1175 3075 1304 3149 ictibus
1331 3077 1468 3174 dejecta

403 3195 561 3288 tuissent,
582 3194 719 3268 obsessi
735 3195 959 3268 deditionem
977 3194 1149 3268 lecerunt.
1165 3195 1236 3294 lpsi
1253 3219 1355 3285 vero,
1372 3195 1467 3268 obsi-

404 3311 512 3382 dione
524 3309 691 3402 durante,
707 3336 791 3384 cum
805 3327 924 3384 certus
940 3335 1112 3384 numerus
1125 3310 1326 3384 incolarum
1342 3311 1467 3413 oppidi

444 3531 474 3590 l.
497 3527 566 3586 Voir
588 3528 630 3588 les
653 3530 839 3592 instructions
860 3531 988 3594 donnies
1011 3551 1050 3591 au
1075 3529 1212 3610 seigneur
1235 3527 1275 3587 du
1295 3527 1464 3614 Bouchage,

353 3679 355 3686 s
403 3640 479 3702 pour
490 3640 630 3702 arranger
641 3620 683 3682 les
699 3624 800 3684 choses
813 3645 849 3684 en
865 3622 1032 3684 Roussillon
1046 3635 1074 3682 et
1083 3632 1196 3680 surtout
1211 3621 1228 3677 h
1243 3619 1420 3706 Perpiguan,
1434 3617 1468 3677 de

403 3711 531 3770 maniere
545 3713 562 3770 a
575 3730 609 3771 ce
622 3712 693 3791 qu'il
707 3717 815 3791 u’yeht
826 3715 891 3794 plus
903 3711 1137 3773 d'insurrection.
1152 3709 1229 3770 Ellea
1241 3721 1306 3768 sont
1319 3707 1418 3768 daties
1430 3707 1467 3766 du

404 3803 442 3860 ΞΒ
455 3819 531 3860 murs
542 3804 620 3860 llll
629 3804 670 3876 (v.
683 3815 743 3875 st).
755 3803 874 3883 Lenglet
885 3803 1061 3881 Dulresnoy,
1076 3805 1244 3874 Commium,
1259 3812 1279 3858 t.
1292 3803 1385 3878 111,p.
1400 3801 1464 3860 ata.

443 3893 475 3953 2.
497 3889 643 3950 Cohlentz.

444 3985 473 4041 3.
496 3985 537 4040 Le
548 4001 616 4040 nom
630 3980 764 4059 n’estpas
777 3980 849 4040 dans
862 3981 891 4040 le
905 4001 958 4041 ms.
972 3985 988 4040 a
1001 3993 1047 4040 cet
1059 3979 1185 4054 endroit,
1201 3979 1272 4038 mais
1287 3977 1306 4038 il
1322 3999 1353 4040 ae
1367 3991 1466 4038 trouve

404 4072 468 4152 plus
479 4072 551 4147 loin,
564 4073 692 4151 quoique
704 4091 743 4130 un
756 4093 812 4152 peu
827 4071 967 4152 defigurt.
983 4076 1017 4133 Je
1029 4073 1057 4133 le
1072 4073 1191 4131 restitue
1206 4070 1321 4150 d'apres
1331 4069 1465 4140 Moliuet,

404 4161 423 4220 Ι.
441 4165 467 4234 1,
483 4183 511 4223 c.
526 4181 581 4235 xu,
592 4175 622 4221 et
635 4161 746 4224 Olivier
761 4162 797 4221 de
814 4167 855 4222 La
869 4163 997 4239 Marche,
1010 4163 1032 4226 l.
1047 4167 1088 4239 11,
1107 4183 1133 4221 c.
1153 4181 1200 4224 m.

444 4253 472 4308 l.
497 4249 610 4328 albert,
626 4253 753 4330 marquis
767 4253 803 4311 de
818 4249 1037 4334 brandebourg.
