3384 5184
387 525 444 580 tu
668 522 924 583 HISTORIARUM
944 522 1125 582 LUDOVlCl
1145 524 1188 581 xl

385 656 516 729 amissa
539 653 722 750 libertate,
749 657 863 757 patria
885 681 1056 754 oppressa
1082 657 1180 730 etin
1209 660 1446 732 miserrimam

258 825 261 835 -
385 772 593 844 servitutem
614 771 778 865 redacta,
807 772 941 846 diutius
957 773 1025 844 sub
1043 773 1105 848 tali
1120 770 1323 848 infelicitate
1340 775 1446 848 vixis·

383 902 477 961 sent.

432 1002 541 1092 Quod
557 1002 679 1074 multis
701 1002 900 1075 rationibus
906 994 916 1090 ᾖ
938 999 1210 1078 auctoritatibus
1226 1018 1263 1077 et
1276 1004 1447 1104 exemplis

383 1118 483 1191 facile
498 1118 713 1191 confirmare
730 1143 936 1218 possemus,
965 1122 995 1193 si
1013 1145 1088 1194 non
1105 1146 1170 1220 per
1187 1120 1260 1193 hoc
1276 1121 1410 1194 diutius
1425 1146 1447 1195 a

380 1249 552 1333 susceptae
580 1234 833 1333 prosecutione
859 1234 1035 1308 historicae
1063 1237 1278 1309 narrationis
1303 1235 1446 1335 longius

381 1374 624 1448 evagaremur.

747 1705 1003 1776 CAPlTULUM
1027 1707 1088 1778 lV.

377 1905 523 1975 Quomodo
532 1923 548 1959 a
558 1901 685 1960 Bastardo
695 1902 768 1958 dicto
781 1903 910 1958 Borbonii
923 1917 949 1958 et
959 1901 1027 1959 duce
1037 1901 1166 1960 Borbonii
1177 1908 1240 1962 urbs
1253 1907 1371 1964 Biturica
1382 1928 1443 1963 cum

413 1985 550 2039 nonnullis
561 1984 673 2038 castellis
683 1997 812 2057 occupata
827 1983 893 2052 iuit3
909 2003 968 2055 qna
980 1985 1085 2040 emetis
1099 2005 1146 2041 rex
1161 1990 1338 2061 recuperavit,
1355 2003 1382 2042 et
1393 1989 1446 2043 ad·

415 2083 517 2120 versum
531 2063 656 2118 comitem
666 2062 699 2116 de
714 2064 843 2118 ctarotor's
853 2064 978 2118 occurrit.

430 2241 485 2315 Ad
506 2266 586 2316 eam
603 2241 710 2338 igitur
725 2240 940 2335 redeuntes,
969 2264 1054 2314 cum
1075 2243 1255 2343 principes
1280 2245 1443 2344 praefati,

382 2361 535 2459 quisque
556 2361 593 2430 in
621 2383 686 2432 sua
710 2372 804 2432 terra
827 2359 1010 2457 colligeret
1036 2384 1129 2457 quos
1149 2360 1283 2434 habere
1303 2373 1447 2461 poterat

382 2479 480 2550 viros
497 2475 677 2568 militares,
695 2477 833 2574 primus
849 2475 1015 2547 omnium
1032 2475 1107 2547 dux
1131 2476 1303 2550 Borbonii
1332 2503 1446 2578 prope

384 2607 494 2664 terras
516 2614 598 2663 snas
623 2615 689 2690 per
714 2590 930 2687 quemdam,
955 2592 1017 2687 qui
1043 2591 1234 2668 Bastardus
1256 2593 1446 2666 Borbonii¹

383 2708 491 2804 vulgo
516 2705 722 2799 dicebatur,
750 2706 929 2779 civitatem
954 2706 1211 2780 bituricensem
1237 2732 1321 2783 cum
1348 2711 1448 2784 arce'

385 2823 546 2923 ejusdem
562 2847 627 2922 per
643 2821 790 2893 insidias
805 2822 963 2921 accepit,
978 2823 1128 2895 nomine
1149 2823 1290 2896 domini
1307 2827 1444 2919 Caroli,

386 2941 500 3013 fratris
513 2940 619 3036 regis,
635 2939 695 3010 cui
707 2951 841 3035 epatre
858 2937 978 3012 adbuc
996 2941 1136 3013 vivente
1152 2940 1304 3016 ducatus
1321 2943 1448 3015 Bituri-

383 3058 500 3132 eensis
513 3057 550 3128 in
565 3055 709 3128 titulum
721 3052 836 3126 fuerat
848 3053 966 3128 datus.

436 3173 580 3272 Accepit
597 3186 716 3244 autern
731 3187 766 3244 et
782 3170 879 3244 idem
895 3171 968 3244 dux
984 3175 1160 3248 nonnulla
1177 3175 1245 3248 alia
1263 3177 1399 3276 oppida
1412 3193 1448 3253 et

387 3289 547 3382 castella,
568 3304 642 3363 tam
661 3289 699 3360 in
714 3290 922 3361 Bituricensi
946 3292 1127 3364 territorio
1148 3317 1257 3390 quam
1274 3294 1311 3366 in
1329 3293 1447 3368 Alver-

387 3411 486 3500 nia’,
512 3433 613 3508 quae,
641 3421 716 3480 tam
736 3420 872 3477 terrore
895 3431 1079 3479 armorum
1101 3432 1211 3505 qnam
1236 3409 1336 3507 quod
1363 3435 1449 3509 gra-

385 3524 489 3598 vibus
517 3523 688 3597 oneribus
706 3519 933 3620 vectigalium
956 3547 977 3596 a
1001 3547 1084 3621 rege
1109 3539 1376 3624 premerentur,
1402 3525 1449 3610 ab

385 3645 463 3744 ipso
491 3646 573 3717 satis
594 3640 695 3716 facile
722 3665 764 3714 ac
788 3641 941 3713 libenter
965 3641 1185 3716 defecerunt.
1215 3647 1315 3731 Quos
1340 3645 1448 3716 etiam

385 3762 553 3836 denarios
568 3759 614 3832 de
630 3758 782 3860 publicis
796 3755 1047 3854 vectigalibus,
1070 3760 1117 3832 ab
1133 3784 1262 3833 eorum
1286 3773 1449 3862 recepto-

424 4001 453 4058 l.
476 3995 564 4057 Leuis
576 3992 613 4052 de
626 3991 776 4066 Bombon,
790 3991 865 4050 frere
879 3989 992 4050 naturel
1009 3989 1050 4049 du
1063 3989 1121 4050 duc
1134 3991 1172 4051 de
1186 3993 1336 4055 Bourbon.

425 4093 456 4146 Ξ.
477 4091 520 4146 La
531 4085 669 4158 enatem,
684 4081 775 4160 qu'on
786 4080 912 4162 appelait
924 4083 953 4137 la
967 4085 1066 4141 Grosre
1083 4085 1157 4140 Your
1173 4083 1210 4142 de
1223 4087 1365 4165 Bourges.

423 4184 452 4242 ³.
474 4165 1448 4257 Charost,Saint·Amand,Montrond,Montluponfflannataiguo-
1497 4241 1501 4248 ,

383 4290 479 4351 perse,
494 4265 703 4348 llontpensier‚
719 4274 775 4322 etc.
900 4293 904 4298 ·
