3402 5186
385 541 424 596 60
655 535 910 595 utstontatttttt
930 535 1110 592 Lttbovtct
1130 536 1172 591 Χῖ

384 670 532 765 tarent),
553 683 592 740 ut
608 669 699 740 intra
716 667 821 739 unius
836 665 933 738 horae
952 667 1105 763 spatium
1123 667 1296 764 superatis
1314 670 1440 740 moeni·

384 782 450 854 bus
483 799 518 854 et
551 783 659 873 vallo,
693 781 861 854 districtis
894 780 1020 876 gladiis
1052 795 1086 852 et
1115 781 1365 874 mucronibus,
1397 783 1442 855 de

384 898 652 970 contumeliosis
668 922 709 969 ac
728 894 1183 995 provocacibussupplicia
1204 898 1440 993 sumpserint,

384 1013 551 1085 omnibus
569 1014 651 1085 viris
668 1013 729 1110 qui
747 1013 782 1082 in
803 1009 938 1108 oppido
956 1024 1058 1081 erant
1075 1011 1172 1082 caesis
1190 1025 1251 1082 aut
1268 1011 1313 1084 ab
1329 1012 1441 1084 hosti-

385 1129 452 1202 bus
464 1131 590 1228 captis,
605 1144 710 1225 atque
722 1152 847 1199 eorum
861 1124 1031 1198 domibus
1043 1127 1286 1200 et'suhstantia
1296 1155 1442 1229 prorsus

387 1247 545 1344 direptis.
1182 1233 1186 1243 ¹

433 1363 541 1449 Quod
559 1387 642 1433 cum
662 1383 788 1432 eorum
804 1359 909 1429 vicini
928 1357 972 1428 de
991 1359 1113 1430 Sereto
1131 1359 1293 1431 castello¹
1307 1385 1442 1458 cogno·

387 1480 535 1566 vissent,
561 1491 613 1568 et,
640 1476 732 1548 duce
758 1475 909 1546 militum
933 1472 1120 1544 Gallorum
1144 1489 1285 1545 vetante
1309 1501 1354 1547 ne
1377 1477 1443 1574 ipsi

385 1619 490 1665 suum
503 1591 770 1681 suburbanum,
790 1592 827 1661 in
845 1614 918 1687 quo
936 1589 1018 1662 satis
1038 1587 1188 1661 honesta
1205 1604 1307 1661 erant
1321 1590 1442 1688 hospi·

385 1715 449 1804 tia,
468 1713 718 1802 incenderent,
742 1726 867 1783 contra
890 1711 1037 1782 vetitum
1060 1711 1125 1808 ipsi
1147 1734 1188 1782 ea
1211 1710 1444 1782 nihilominus

386 1840 672 1901 concremassent
692 1829 876 1922 (putantes
894 1849 930 1894 se
947 1850 1051 1896 suum
1065 1825 1239 1924 oppidum
1259 1848 1363 1923 posse
1380 1849 1445 1923 per

386 1943 458 2015 hoc
474 1941 704 2036 defendere),
725 1938 994 2010 advenientibus
1012 1939 1200 2030 militibus,
1221 1939 1312 2011 adeo
1330 1954 1443 2011 exter-

386 2059 443 2129 riti
465 2071 546 2128 sunt
568 2056 701 2143 effecti,
723 2069 761 2124 ut
784 2053 829 2124 de
851 2054 1087 2151 repugnando
1107 2055 1270 2126 hostibus
1298 2054 1444 2126 minime

342 2243 351 2262 χ
386 2172 462 2243 ausi
485 2171 557 2241 sint
578 2170 745 2265 cogitare.
772 2167 891 2258 Unde,
922 2193 967 2239 ne
990 2167 1129 2241 cladem
1153 2168 1276 2239 vicinis
1302 2170 1374 2240 suis
1399 2169 1445 2240 de
1547 2191 1551 2198 ·

387 2286 526 2357 Volone
551 2283 701 2356 similem
727 2283 902 2373 subirent,
932 2283 1026 2356 illico
1053 2283 1122 2356 loci
1145 2285 1199 2355 sui
1224 2284 1445 2358 deditionem

388 2402 548 2493 secere,a
564 2401 655 2473 duce
670 2400 821 2472 militum
836 2402 873 2472 in
887 2417 1041 2497 quatuor
1054 2400 1210 2473 millibus
1223 2402 1444 2475 ssorenorum

387 2517 559 2607 mulctati,
581 2543 647 2616 pro
664 2543 708 2590 eo
726 2517 838 2616 quod,
857 2531 984 2590 contra
1004 2518 1079 2613 ejus
1097 2515 1339 2612 interdictum,
1359 2519 1445 2591 sub-

387 2633 522 2706 urbana
534 2659 599 2707 sua
611 2650 741 2706 temere
754 2649 789 2705 et
802 2633 877 2705 siue
890 2635 1010 2729 aliquo
1026 2633 1140 2706 fructu
1152 2631 1442 2706 combussissent.

436 2755 475 2820 ln
489 2751 722 2848 Ampuritano
736 2764 856 2820 autem
873 2749 1036 2820 similiter
1050 2749 1172 2819 omnia
1188 2773 1287 2846 paenc
1304 2750 1447 2822 castella

387 2865 444 2939 vel
467 2868 501 2937 vi
524 2866 580 2938 vel
606 2866 787 2939 deditione
813 2880 1044 2963 receperunt,
1064 2865 1114 2936 sic
1131 2865 1230 2963 quod
1252 2880 1345 2937 terra
1366 2867 1443 2957 illa,

386 3005 465 3079 quae
481 2981 590 3078 paulo
604 2995 687 3052 ante
704 2979 807 3052 valde
825 2979 923 3050 dives
939 2996 972 3052 et
989 2980 1158 3079 opulenta
1176 2982 1301 3074 suerat,
1318 3009 1446 3080 magna

387 3125 430 3171 ex
449 3113 549 3197 parte
567 3097 621 3168 vel
645 3097 741 3168 caesis
762 3097 815 3168 vel
837 3097 1033 3195 profligatis
1052 3096 1207 3188 colonis,
1231 3100 1268 3169 in
1289 3100 1445 3198 praedam

387 3230 422 3285 et
436 3213 674 3311 direptionem
694 3210 856 3282 hostibus
870 3213 991 3301 cessit3
1013 3238 1103 3310 quos
1118 3227 1202 3285 ante
1219 3228 1316 3286 tanta
1330 3230 1449 3288 tenue·

387 3342 440 3399 rat
456 3326 622 3425 superbia
641 3341 678 3398 ut
691 3327 876 3399 Gallorum
891 3327 1134 3400 desiderarent
1150 3328 1358 3421 adventum,
1373 3356 1447 3428 quo

387 3441 433 3515 de
449 3445 533 3541 ipsis
549 3458 682 3542 tropaea
699 3447 888 3544 concupita
905 3459 1141 3543 reportarent.

438 3557 599 3632 Liberata
615 3561 733 3659 igitur,
752 3577 791 3633 ut
808 3562 973 3650 diximus,
995 3563 1130 3657 regina,
1150 3563 1319 3636 omnibus
1336 3565 1448 3638 ferme

387 3675 537 3747 castellis
556 3675 778 3775 ampuritani
796 3678 946 3776 receptis
968 3692 1004 3748 ct
1024 3677 1091 3750 sub
1113 3679 1203 3774 regis
1224 3681 1279 3751 sui
1297 3681 1449 3753 redactis

387 3803 622 3890 potestatem,
651 3790 769 3886 junxit
802 3816 838 3862 se
867 3791 1052 3863 Gallorum
1085 3795 1255 3865 exercitui
1284 3819 1343 3865 rex
1373 3796 1447 3893 ipse

388 3913 606 4006 Aragonum,
623 3908 729 3981 simul
744 3923 779 3979 et
792 3908 867 4007 ipsa
880 3911 1014 4005 regina,
1032 3909 1162 4006 quibus
1176 3911 1267 3982 Galli
1281 3911 1348 4009 ipsi
1362 3925 1448 3983 tunc

389 4022 605 4109 militabant,
629 4023 692 4095 sed
709 4048 790 4096 cum
811 4048 921 4122 parva
940 4025 1091 4097 nimium
1111 4049 1234 4120 manu.
1255 4030 1334 4097 Non
1351 4027 1446 4097 enim

433 4285 461 4342 l.
484 4287 525 4343 1ae
538 4284 659 4345 chlteau
673 4284 709 4345 de
721 4285 815 4346 Geret.
