3282 5168
614 565 722 622 LIBER
740 567 905 624 TERTIUS.
1231 571 1288 627 ast

229 706 325 782 tum,
344 691 460 765 dilatis
474 695 626 769 nimium
646 696 776 769 debitis
793 697 1077 796 provisionibus,
1093 723 1148 771 res
1164 723 1290 798 proce·

229 807 373 896 darent,
394 833 458 881 vu.
478 811 537 883 die
558 812 719 908 ejusdcm
739 813 888 906 mensis,
908 813 1023 885 movit
1038 838 1076 886 se
1092 839 1174 885 cum
1191 839 1290 886 exer·

228 929 317 1018 citu,
341 949 465 1000 versus
486 943 603 1027 partes
625 929 702 1002 illas
719 929 966 1027 proficiscens,
991 945 1027 1003 et
1048 930 1108 1002 die
1130 930 1290 1026 ejusdem

228 1043 360 1116 mensis
378 1069 451 1116 xvr.
471 1045 518 1117 ad
534 1047 711 1118 civitatem
727 1071 829 1118 suam
846 1047 1149 1119 Conventrensem
1175 1045 1289 1144 appli-

199 1147 205 1163 ”
228 1161 313 1232 cuit.
335 1165 373 1230 ln
391 1183 461 1257 qua
479 1183 562 1232 cum
582 1177 692 1254 esset,
717 1160 851 1235 solatiis
870 1161 1045 1233 uberioris
1068 1161 1291 1260 procuratio·

228 1277 283 1347 nis
296 1289 332 1347 et
347 1299 501 1347 annonae
513 1302 618 1348 suum
634 1279 806 1350 recreavit
822 1279 1029 1350 exercitum.

278 1392 495 1488 Ejusaudito
509 1394 556 1465 ab
570 1393 637 1465 illis
651 1393 763 1466 turbis
777 1395 1027 1467 seditiosorum
1041 1391 1212 1484 adventu,
1226 1409 1293 1466 sta·

229 1509 292 1580 tim
314 1533 440 1581 omues
460 1508 517 1580 vel
535 1510 581 1582 ad
602 1511 747 1609 propria
763 1510 965 1597 domicilia,
985 1511 1041 1581 vel
1057 1511 1198 1584 diversa
1216 1507 1293 1584 lati-

227 1625 313 1698 bula
339 1626 576 1698 defluxerunt.
603 1628 706 1726 Capti
733 1641 853 1700 autem
881 1626 1024 1700 fuerunt
1047 1626 1218 1698 dominus
1246 1626 1293 1698 de

229 1743 376 1814 Cannis¹
393 1757 429 1814 et
449 1744 615 1815 nonnulli
640 1742 699 1815 alii
725 1743 943 1815 seditionum
966 1757 1150 1833 auctores;
1172 1743 1293 1842 plures

230 1882 315 1931 vero
334 1857 381 1929 ad
398 1881 535 1954 regem,
555 1858 599 1931 ad
617 1858 872 1958 postulandum
892 1884 959 1958 pro
975 1860 1099 1931 erratis
1118 1875 1221 1930 suam
1236 1859 1295 1930 ‹in-

229 1973 449 2069 dulgentiam
467 1988 574 2071 atque
587 1973 832 2068 clementiam,
848 1975 1083 2069 destinantes,
1100 2000 1180 2048 cam
1196 1975 1294 2047 inve·

230 2091 308 2163 nire
325 2106 360 2163 et
376 2092 499 2163 omnia
515 2093 584 2165 sibi
600 2092 800 2186 condonari
818 2106 1036 2165 meruerunt.

278 2210 376 2278 Dum
392 2223 512 2280 autern
533 2225 653 2307 ageret
673 2224 940 2308 occupatusque
957 2233 1020 2280 rex
1037 2207 1223 2281 Edoardus
1240 2234 1296 2281 es-

231 2339 284 2396 set
310 2324 354 2394 ad
382 2326 657 2423 componendos
686 2341 806 2398 motus
831 2326 1025 2398 insolentes
1050 2350 1198 2420 eorum,
1232 2327 1294 2424 qui

231 2439 422 2512 adversum
450 2466 489 2513 se
523 2441 745 2514 rebellabant
776 2443 870 2514 circa
896 2455 1014 2540 partes
1041 2441 1223 2535 boreales,
1256 2459 1296 2514 ut

231 2555 401 2647 diximus,
420 2581 544 2628 mmor
564 2558 610 2629 ad
634 2582 718 2629 eum
743 2557 790 2630 de
811 2557 881 2630 alia
903 2556 1017 2629 multo
1041 2557 1295 2657 periculosiore

231 2671 449 2771 populomm
466 2673 727 2745 insurrectione
743 2687 868 2746 contra
888 2697 946 2765 se,
970 2674 1006 2743 in
1025 2671 1185 2771 partibus
1202 2677 1295 2746 Can-

232 2789 318 2878 tiae¹,
338 2789 494 2887 perlatus
509 2803 573 2860 est.
595 2788 752 2877 Quidam
768 2790 865 2860 enim
888 2788 1087 2886 appellatus
1109 2789 1296 2862 Bastardus

232 2904 278 2976 de
304 2903 610 3004 Folclrenberghe⁸,
633 2905 746 2976 bomo
770 2904 816 2978 ad
837 2904 1023 2976 latrocinia
1046 2917 1082 2975 et
1104 2902 1297 2978 seditiones

232 3021 341 3094 facilis
354 3043 395 3092 ac
408 3037 609 3120 promptus,
626 3022 662 3092 in
676 3021 802 3093 Cantia
815 3020 991 3116 adjunctis
1003 3019 1071 3091 sibi
1081 3019 1296 3116 quibusdam

232 3162 275 3210 ex
293 3135 531 3234 stipendiariis
547 3136 673 3237 oppidi
690 3137 921 3227 Calisiensis⁸,
939 3135 1100 3234 pluribus
1117 3136 1237 3210 nautis
1249 3150 1298 3208 at·

233 3276 304 3353 que
320 3253 459 3350 piratis,
473 3252 615 3353 plebem
632 3253 729 3326 illam
746 3253 895 3338 Cantiae,
911 3252 1119 3348 hujusmodi
1137 3252 1297 3324 factioni-

233 3370 302 3442 bus
319 3382 355 3439 et
372 3370 677 3442 commotionibus
699 3370 781 3440 satis
802 3392 956 3467 pronam
977 3382 1012 3439 et
1036 3381 1231 3456 assuetam,
1257 3368 1295 3440 iu

234 3508 334 3557 arma
356 3484 567 3576 concitavit,
597 3499 633 3556 et
661 3485 863 3582 aggregavit
890 3483 1156 3556 multitudinem
1185 3508 1297 3581 usque

236 3601 282 3674 ad
307 3601 490 3673 decernet
515 3615 598 3671 octo
617 3600 725 3672 millia
751 3599 978 3672 bellatorum.
1007 3599 1077 3687 Qui
1100 3601 1294 3690 venientes,

235 3716 293 3788 die
303 3742 365 3788 xu.
381 3716 512 3789 mensis
524 3716 607 3787 maii
617 3714 795 3816 praedicti,
810 3716 1082 3788 antecivitatem
1096 3716 1299 3789 Londonia·

278 3956 306 4013 l.
328 3949 552 4011 Probablement
573 3955 693 4026 Comus,
713 3969 826 4010 comme
845 3949 917 4010 dans
935 3950 965 4010 la
985 3950 1110 4011 relation
1128 3948 1294 4028 lrancaise:

240 4068 251 4095 ι
269 4047 310 4101 le
324 4043 459 4123 seigneur
473 4039 636 4101 dedamus.
656 4065 669 4093 ι
686 4039 820 4120 Dugdale
833 4040 904 4100 ecrit
920 4059 1045 4114 cenom,
1061 4045 1182 4101 camois.

278 4136 307 4191 2.
329 4137 370 4192 Le
384 4151 455 4210 pays
468 4129 504 4190 de
517 4135 605 4190 Kent.

278 4227 306 4282 3.
329 4228 369 4281 Le
382 4221 484 4281 batard
498 4222 533 4281 de
547 4217 765 4298 Falconbrirlge,
781 4220 904 4280 Thomas
917 4220 1026 4280 Pewill.

278 4317 308 4374 t.
330 4315 374 4370 De
391 4310 494 4370 Calais.
