3014 5010
160 431 180 488 ί
435 427 695 489 mmmm
713 427 892 486 mmm
909 426 953 485 n

159 559 464 663 negotiationibus
487 559 647 632 honestis
671 585 735 630 seu
759 561 834 630 suis
860 559 1018 630 conteuti
1049 557 1246 656 patrimo-

159 678 244 763 niis,
261 677 371 749 sium
387 678 508 774 quiete
522 692 558 746 et
575 676 778 771 tranquille,
793 675 930 772 absque
939 674 1064 771 aliquo
1079 694 1248 772 prorsm

160 792 282 868 ollicio
302 792 462 893 publico,
477 788 708 893 peregissent.
724 794 812 862 llira
831 794 968 891 quippe
983 792 1030 863 ad
1048 792 1118 864 illa
1140 788 1246 860 obti-

161 910 280 985 nenda
302 908 500 983 ambitione
523 909 703 980 innumeri
729 907 802 978 lere
826 908 1045 979 lerelnutur.
1072 911 1248 978 Fuerant

162 1051 319 1124 namquo
340 1024 410 1096 sub
431 1048 512 1120 rege
536 1023 708 1094 defuncto
724 1048 851 1094 omnes
866 1048 966 1121 priene
982 1021 1156 1093 officiarii
1175 1045 1247 1119 per

161 1156 280 1215 totum
298 1165 448 1237 rugitum
466 1140 708 1210 communiter
730 1140 815 1209 satis
828 1138 927 1210 ditati
944 1153 980 1208 et
994 1137 1243 1236 locupletati,

163 1257 279 1331 taxata
306 1255 458 1327 nimium
484 1252 752 1354 (prohdolor)
779 1269 887 1351 atque
910 1255 961 1325 eis
991 1255 1176 1352 permissa
1205 1253 1246 1323 in

164 1395 341 1475 pauperes
353 1372 549 1469 regnicolas
562 1369 743 1470 praedandi
758 1385 794 1443 et
805 1371 1062 1442 concussiones
1075 1367 1247 1443 faciendi

164 1487 317 1590 plurima
330 1486 503 1560 libertate.
517 1492 606 1574 Quae
619 1512 676 1558 res
687 1486 852 1557 allectum
865 1485 1019 1584 plurium
1033 1483 1244 1569 alliciebat,

165 1619 242 1679 turn
267 1619 424 1704 quiestus
450 1619 527 1674 tum
550 1602 701 1674 lionoris
724 1617 832 1699 atque
855 1602 1077 1675 auctoritatis
1093 1601 1244 1698 gratia,

165 1720 210 1796 ed
229 1719 435 1818 hujusmodi
458 1718 576 1790 officia
598 1718 814 1816 appetenda
840 1721 928 1805 Qua>
947 1718 1056 1790 etiam
1071 1718 1141 1815 qui
1153 1742 1246 1817 per·

166 1850 249 1912 ente
267 1837 479 1924 tenuissent,
499 1833 592 1907 adeo
609 1860 647 1906 se
668 1849 858 1933 propterea
873 1834 919 1905 dc
933 1848 1025 1905 statu
1041 1857 1113 1904 suo
1140 1856 1249 1915 ιω

166 1966 330 2041 curauit,
350 1950 472 2048 quoad
489 1952 647 2022 viserent
657 1965 852 2049 ‚reputare
876 1949 970 2022 soliti
994 1963 1118 2038 erant,
1138 1973 1186 2021 ac
1213 1916 1246 2020 si

167 2066 256 2141 tanti
273 2088 403 2137 censio
414 2067 524 2137 annui
542 2067 757 2164 patrimonia
773 2065 1023 2165 possedissent.

523 2401 779 2474 curuuunu
796 2350 868 2501 'ul
952 2454 980 2487 ι,

167 2595 312 2666 Quomodo
332 2599 381 2652 luit
399 2598 512 2654 llemis'
505 2615 655 2657 ιιιιιιισιιιιι
648 2603 675 2655 in
696 2622 798 2676 regem
823 2601 899 2656 etde
920 2602 1095 2674 pmmiuiono
1111 2601 1247 2673 ejusden

201 2675 235 2731 de
249 2676 413 2732 rublmudo
427 2697 536 2750 reguum
556 2681 589 2733 ab
602 2683 728 2734 oneribus
746 2683 876 2736 uttiimm
895 2696 918 2734 et
936 2683 1044 2734 aliarum
1062 2682 1245 2737 exactionum

204 2757 385 2811 concutiunt
378 2756 509 2827 ί,ιιιομο

221 2935 403 3032 Exsequiis
427 2935 546 3032 itaque
566 2959 631 3034 pro
651 2939 761 3035 patris
781 2941 902 3034 obitu,
922 2957 960 3013 ut
977 2942 1241 3042 praemisimus,

171 3050 334 3150 peractis,
348 3048 394 3121 ud
412 3047 539 3121 urbem
560 3053 752 3124 llemorum
766 3058 964 3149 contendit,
981 3081 1111 3153 magua
1127 3056 1244 3130 nobi·

170 3164 257 3240 lituu
270 3163 444 3266 [cati-rra}
456 3180 526 3237 tam
540 3192 581 3239 er
598 3170 697 3240 terris
707 3174 1003 3268 Burgundionum
1013 3172 1113 3244 ducis
1122 3197 1242 3270 quarn

169 3282 275 3354 etium
293 3280 338 3353 dc
356 3306 480 3378 reguo,
497 3283 609 3382 copiis
626 3285 733 3357 etiam
752 3286 964 3361 militaribus
983 3305 1017 3361 et
1042 3291 1244 3364 innumera

173 3419 272 3496 punc
286 3398 404 3470 ulliciu
418 3401 711 3497 prosequentium
725 3403 952 3475 multitudine
965 3407 1168 3476 comitatus.
1185 3405 1242 3478 Ad

170 3534 278 3611 qutun
299 3510 424 3584 urbem
444 3513 637 3605 accedens,
665 3515 700 3586 in
724 3519 942 3589 monasterio
969 3518 1243 3593 monachorum

172 3629 282 3699 tancti
300 3626 512 3699 Tlrcodorici
527 3632 555 3717 ¹,
577 3644 674 3701 extra
694 3655 818 3702 muros
842 3631 957 3723 urbis,
977 3634 1094 3732 primo
1110 3633 1244 3732 hospi·

173 3754 264 3814 tutus
282 3742 357 3814 luit.
380 3745 418 3814 lu
436 3743 554 3839 vigilia
571 3759 692 3815 autom
703 3747 956 3844 assumptionis
970 3753 1081 3819 Beatae
1095 3749 1246 3820 Muriae'

175 3857 298 3932 urbem
323 3859 500 3955 ingressus
517 3873 580 3933 est.
602 3863 766 3933 Crastino
785 3863 882 3932 enim
900 3862 976 3951 die,
996 3863 1085 3936 festo
1104 3863 1243 3936 scilicet

214 4086 222 4141 1
263 4080 408 4162 llulrbuyo
423 4081 460 4143 dc
476 4080 704 4158 saint-niem.

213 4176 240 4234 l.
265 4178 302 4235 ll
317 4177 385 4235 tollt
401 4176 489 4234 llll.
