3014 5010
225 429 283 484 ll2
501 428 756 483 fllstotusttuh
776 427 952 485 LUDOVICI
973 429 1018 485 xl

225 586 264 632 se
281 557 462 631 habebant
478 572 696 642 conventus,
718 572 790 628 tam
810 582 918 655 super
942 557 1084 630 honore
1107 575 1144 630 et
1168 584 1310 660 recep·

226 679 334 748 tionis
360 678 470 748 modo
495 702 569 775 quo
586 702 691 748 suum
708 676 838 746 ducem
855 700 1013 768 novum,
1034 676 1207 749 devotius
1224 703 1310 776 quo

227 795 341 866 facere
359 808 524 892 possent,
543 794 783 879 honorarent,
801 817 911 889 quam
926 793 1035 864 etiam
1056 818 1169 892 super
1188 795 1310 867 variis

225 911 408 1011 capitulis,
443 925 575 982 statum
605 911 726 1007 patriae
755 925 790 981 et
823 908 869 981 ab
896 909 1044 982 immani
1069 910 1308 984 tributorum

225 1053 336 1100 onere
361 1026 511 1123 aliquod
532 1026 695 1097 levamen
713 1026 954 1125 multipliciter
969 1027 1305 1101 concernentibus.

273 1148 366 1215 Cum
397 1158 517 1214 autem
543 1143 740 1238 ingressum
767 1169 873 1214 suum
901 1143 937 1212 in
968 1143 1132 1215 eamdem
1162 1144 1307 1218 urbem

226 1260 302 1357 ipse
322 1283 439 1330 nouus
457 1258 527 1328 dux
550 1273 585 1329 et
604 1258 795 1349 dominus,
811 1260 911 1354 juxta
933 1275 1060 1331 votum
1082 1275 1119 1331 et
1138 1275 1305 1357 praesto·

227 1374 397 1445 lationem
413 1375 575 1444 omnium
600 1375 722 1472 patriae
738 1373 957 1466 incolarum,
988 1374 1141 1447 libenter
1171 1392 1307 1449 matu-

226 1504 353 1576 rasset,
374 1488 501 1561 callide
526 1504 645 1560 tamen
667 1504 702 1560 et
728 1505 806 1560 astu
825 1489 921 1561 malo
946 1490 1078 1562 aduce
1100 1492 1305 1566 Britonum

225 1621 260 1677 et
276 1608 348 1677 suis
365 1607 441 1703 ejus
459 1606 707 1678 retardabatur
722 1619 757 1676 et
767 1607 1094 1704 procrastinabatur
1104 1634 1300 1682 accessus:

224 1722 328 1820 ipsis,
348 1725 556 1820 priusquam
574 1723 611 1792 in
633 1722 797 1793 eamdem
825 1723 1070 1819 ingrederetur
1085 1723 1235 1817 urbem,
1258 1728 1302 1799 in

225 1864 297 1935 qua
316 1841 488 1912 unirersae
507 1839 701 1936 provinciae
719 1839 897 1912 nobilium
912 1855 946 1913 et
958 1841 1186 1938 praelatorum
1200 1867 1302 1914 con·

225 1971 372 2027 ventum
401 1956 595 2028 maximum
621 1955 811 2028 collectum
830 1981 906 2028 esse
932 1958 1108 2049 sciebant,
1132 1974 1304 2032 conten-

225 2070 394 2144 dentibus
420 2088 458 2143 ut
488 2072 533 2143 de
568 2072 976 2167 custodiis-civitatum,
1006 2076 1229 2174 oppidorum
1259 2092 1301 2149 et

225 2189 476 2280 castellorum,
507 2190 712 2286 caeterisque
748 2191 917 2263 omnibus
947 2191 1058 2263 serme
1091 2191 1220 2264 officiis
1258 2209 1300 2266 et

225 2305 426 2376 honoribus
443 2307 584 2404 patrie,
601 2332 642 2377 ea
661 2307 745 2405 ipsis
762 2307 953 2399 donando,
973 2332 1118 2379 securos
1131 2332 1195 2379 eos
1213 2308 1301 2381 red-

225 2421 346 2511 deret,
379 2425 587 2522 priusquam
613 2422 769 2496 adeum
794 2423 920 2495 incolae
943 2438 1046 2501 terrae
1071 2421 1299 2496 audientiam

224 2540 280 2611 vel
296 2565 479 2611 accessum
496 2539 651 2637 aliquem
668 2538 803 2611 habere
818 2540 1030 2637 potuissent.
1050 2543 1094 2608 Et
1110 2535 1294 2636 prolect0,

224 2659 255 2729 si
290 2683 417 2728 eorum
444 2658 634 2730 ambitioni
663 2671 698 2728 et
722 2655 976 2755 cupiditatibus
1003 2655 1122 2726 luisset
1151 2655 1257 2725 satist
1277 2697 1298 2708 -

224 2774 410 2862 ciendum,
430 2773 548 2844 decies
566 2771 792 2844 tantumdem
812 2770 994 2843 honorum
1012 2786 1048 2843 et
1063 2769 1293 2865 officiorum,

225 2890 384 2987 ipsorum
411 2891 597 2960 Britonum
619 2902 655 2959 et
679 2886 831 2958 aliorum
848 2886 1026 2985 adipsum
1042 2910 1178 2957 novum
1194 2886 1297 2983 prin·

223 3008 342 3106 cipem
361 3032 404 3077 ex
422 3006 572 3078 diversis
595 3005 695 3099 regui
718 3005 911 3101 provinciis
927 3005 1206 3093 confluentium,
1227 3028 1295 3074 eo·

224 3149 306 3193 rum
320 3123 628 3217 assequendorum
642 3144 768 3212 causa,
787 3119 1041 3219 cupiditatibus
1054 3118 1203 3190 minime
1222 3117 1296 3188 suf·

225 3239 400 3310 fecissent.
420 3243 553 3310 Tantus
568 3239 666 3309 enirn
684 3236 730 3309 ad
747 3239 884 3309 curiam
900 3238 976 3334 ejus
988 3261 1055 3334 pro
1068 3236 1165 3307 hisce
1180 3234 1295 3306 rebus

226 3353 334 3425 fiebat
350 3354 510 3451 undique
534 3378 750 3443 concursus,
776 3369 816 3425 ut
830 3354 908 3443 rix,
936 3352 983 3425 ad
1002 3350 1294 3423 satisfaciendum

226 3495 343 3568 pars'ae
365 3471 647 3571 postulationum
669 3471 847 3568 portioni,
878 3484 913 3540 et
930 3471 1135 3567 importune
1158 3491 1294 3563 rogan·

225 3591 335 3677 tium,
357 3592 465 3661 totius
481 3592 581 3685 regni
598 3587 717 3659 ollicia
734 3586 969 3661 sullecissent.

273 3707 344 3779 Sed
356 3734 439 3778 cum
453 3707 560 3778 etiam
574 3705 649 3777 haec
661 3706 783 3805 patriae
795 3705 984 3803 primiores
996 3716 1031 3775 et
1047 3701 1290 3787 honestiores,

224 3825 285 3920 qui
313 3837 558 3895 convenerant
589 3821 876 3915 Rothomagum,
906 3844 980 3891 non
1008 3820 1159 3890 laterent
1183 3814 1292 3885 moli·

224 3942 340 4028 mina,
368 3940 542 4009 miserunt
567 3936 614 4008 ad
638 3939 755 4034 ipsum
778 3937 978 4034 principem
998 3960 1104 4006 suum
1119 3929 1289 4032 epistolas

223 4074 259 4128 et
296 4058 460 4144 nuntios,
491 4069 657 4151 rogantes
680 4070 721 4124 ut
745 4070 883 4125 certum
913 4054 1032 4145 diem,
1060 4078 1135 4150 quo
1159 4049 1288 4121 urbem

224 4199 328 4244 suam
343 4176 566 4269 ingressurus
584 4187 689 4261 esset,
705 4171 886 4268 prefigere
898 4169 1014 4260 vellet,
1030 4169 1155 4267 idque,
1172 4189 1289 4265 quan·
