3402 5186
661 480 771 537 LIBER
791 480 941 538 umatus.
1033 511 1037 522 =
1291 482 1329 536 *ta

270 627 406 713 potest,
429 636 514 686 cum
534 611 572 683 in
592 635 703 708 regno
725 610 796 684 sint
813 610 940 703 duces,
964 612 1132 702 comites,
1149 581 1329 698 barones,

271 727 400 810 milites
411 750 454 800 ac
462 725 602 800 nobiles
616 750 716 824 paene
733 727 929 816 innumeri,
947 726 1009 824 qui
1025 728 1134 799 saltus
1148 725 1333 824 sylvasque
1455 821 1461 834 1

272 847 317 919 de
345 844 491 944 proprio
513 843 731 941 patrimonio
757 840 894 916 habent
915 858 951 915 et
972 845 1036 942 qui
1057 843 1212 918 venandi
1232 867 1332 916 exer·

272 960 362 1038 citiis
379 960 416 1029 in
437 958 571 1030 eisdem
593 958 805 1029 inconcusse
828 958 880 1030 uti
901 973 1152 1049 assueverunt,
1173 971 1209 1030 et
1221 959 1280 1054 jus
1298 957 1335 1029 id

274 1074 402 1173 agendi
419 1074 533 1172 (quod
544 1074 698 1173 propriae
712 1073 905 1145 nobilitatis
919 1075 1126 1148 exercitium
1144 1076 1212 1173 est)
1229 1076 1336 1147 etiam
1458 1061 1462 1066 ⁵

274 1191 470 1291 expressim
490 1215 555 1288 per
575 1203 690 1261 cartas
709 1214 856 1261 suarum
875 1190 1181 1284 infeodationum,
1206 1205 1242 1262 et
1261 1190 1339 1263 aliis

275 1306 504 1407 apertissimis
518 1305 758 1400 documentis,
775 1306 964 1380 ostendere
979 1309 1117 1406 possint
1133 1333 1171 1382 se
1188 1307 1336 1382 babere.

277 1421 366 1509 Quis
380 1444 456 1493 non
471 1420 590 1493 videat
603 1434 739 1518 quanta
751 1423 796 1492 sit
809 1420 965 1494 edictum
980 1422 1188 1518 hujusmodi
1201 1423 1340 1495 ratione

278 1535 488 1627 subnixum,
516 1561 612 1634 quo,
647 1559 714 1633 pro
747 1535 826 1606 solo
854 1549 945 1607 nutu
975 1550 1010 1608 et
1038 1535 1341 1610 inordinatissima

280 1653 477 1745 voluntate,
492 1652 573 1748 jura
589 1639 817 1725 subditorum
833 1665 869 1722 et
882 1652 1097 1750 patrimonia
1113 1653 1342 1724 auferuntur?

282 1767 457 1842 Potuisset
473 1767 593 1839 forsan
613 1766 734 1864 aliquo
757 1764 957 1841 honestatis
971 1767 1093 1840 colore
1113 1766 1182 1839 tale
1199 1767 1244 1838 de
1259 1768 1344 1839 endi

281 1885 458 1977 edictum,
479 1885 508 1955 si
525 1907 623 1956 raras
641 1895 676 1954 et
696 1882 840 1979 exiguas
855 1882 970 1980 sylvas
988 1881 1169 1981 saltusque
1185 1885 1345 1956 venatio-

282 2025 373 2073 num
392 1997 548 2099 [parum]
565 1998 693 2072 uberes
706 2022 767 2069 rex
786 1998 823 2070 in
841 2023 907 2071 suo
926 2024 1036 2096 regno
1050 1999 1199 2071 baberet
1217 1999 1347 2098 (quan-

282 2139 406 2213 quam,
419 2139 486 2188 nec
498 2113 548 2186 ob
557 2113 608 2205 id,
617 2114 711 2209 juste
725 2113 808 2186 satis
824 2115 952 2187 salvari
967 2114 1172 2214 potuisset);
1185 2114 1249 2187 sed
1263 2140 1347 2187 cum

284 2256 349 2332 per
374 2255 522 2304 omnem
548 2229 700 2303 Galliam
720 2246 756 2303 et
778 2233 981 2329 provincias
1007 2233 1106 2330 regni
1126 2238 1348 2306 Francorum

286 2348 357 2420 sint
372 2346 536 2418 maximae
553 2359 588 2417 et
601 2346 779 2419 latissimae
790 2346 910 2444 sylvae,
921 2348 1028 2419 variis
1040 2349 1197 2420 serarum
1214 2349 1349 2421 refertae

288 2460 499 2560 generibus,
519 2475 556 2532 et
574 2474 643 2552 tot,
665 2460 764 2558 quod
778 2463 838 2536 rix
854 2460 1057 2552 sufficerent
1072 2464 1255 2537 numerari
1270 2490 1350 2564 quae

287 2577 333 2649 dc
350 2576 498 2676 proprio
514 2576 607 2674 regis
623 2577 840 2674 patrimonio
860 2577 1031 2650 exsistunt
1050 2577 1171 2675 (quas,
1194 2580 1303 2653 etiam
1321 2581 1350 2650 si

288 2693 364 2791 ipse
379 2717 442 2764 rex
454 2693 689 2764 Matlrusalem
705 2707 860 2790 aequaret
871 2717 1000 2783 annos,
1014 2718 1082 2765 nec
1093 2693 1190 2766 aliud
1203 2718 1351 2794 prorsus

183 2843 187 2850 ·
289 2821 409 2904 ageret
421 2832 529 2906 quam
545 2809 681 2900 venari,
699 2833 824 2880 omnes
839 2823 874 2880 et
890 2807 1045 2904 singulas
1062 2809 1275 2907 perlustrare
1291 2823 1354 2881 aut

290 2922 479 2996 exhaurire
495 2924 909 2996 venationibusminime
927 2923 1085 3023 posset),
1104 2948 1184 3023 quae
1201 2925 1351 3023 justitia,

290 3063 370 3137 quae
381 3039 541 3136 aequitas,
554 3064 635 3137 quae
649 3029 853 3112 hnmanitas
870 3040 974 3138 regis,
991 3040 1190 3113 innumeris
1202 3041 1354 3114 subditis

290 3154 363 3227 suis
377 3155 459 3252 jura
477 3155 795 3252 patrimoniorum,
816 3155 1092 3229 commoditates
1107 3171 1216 3255 atque
1231 3156 1355 3230 solatia

291 3270 426 3344 eisdem
449 3294 605 3361 annexa,
621 3296 699 3368 quae
719 3296 785 3344 nec
806 3271 874 3344 sibi
895 3271 942 3345 ad
961 3272 1148 3345 utilitatem
1167 3273 1278 3345 ullam
1297 3298 1355 3344 ce-

294 3388 379 3461 dere
403 3389 558 3488 possint,
583 3413 660 3460 uno
684 3389 814 3482 verbo,
843 3415 911 3489 pro
938 3389 1036 3462 nuda
1062 3415 1126 3462 sua
1152 3388 1353 3482 voluntate,

294 3503 419 3576 tollere
435 3519 542 3603 atque
558 3503 744 3578 inhibere?
759 3505 909 3603 praelatis
924 3521 1044 3579 autem
1058 3506 1166 3578 etiam
1183 3506 1358 3579 universis

296 3619 476 3715 similiter,
506 3621 629 3719 quoad
652 3620 741 3714 hoc,
769 3622 1001 3696 ecclesiarum
1021 3619 1168 3696 suarum
1188 3625 1270 3721 jura
1291 3647 1357 3694 au·
1402 3631 1405 3640 '

296 3733 409 3807 ferrei
429 3741 521 3810 Sunt
542 3741 674 3811 etenim
691 3740 878 3838 permulti,
896 3743 958 3839 qui
971 3742 1090 3839 'sylvas
1110 3741 1291 3837 saltusque
1313 3739 1359 3811 de
1391 3829 1396 3842 .

297 3879 443 3927 suarum
464 3859 682 3957 patrimonio
703 3859 933 3932 ecclesiarum
951 3858 1101 3951 habent,
1123 3875 1159 3932 et
1173 3859 1232 3955 jus
1253 3858 1358 3929 etiam

298 3972 455 4044 venandi
467 3974 504 4045 in
518 3974 700 4047 nonnullis
716 3975 822 4071 sylvis
838 3989 874 4046 et
887 3975 1032 4048 saltibus
1045 3975 1165 4072 regiis3
1186 3971 1360 4045 nonnulla

299 4088 408 4161 etiam
430 4102 569 4162 exstant
589 4092 821 4183 monasteria,
845 4115 953 4190 super
972 4089 1181 4188 hujusmodi
1198 4088 1360 4161 venatio·

300 4229 390 4276 num
415 4204 726 4306 piscationumque
748 4205 957 4280 utilitatibus
979 4208 1016 4279 in
1038 4207 1184 4280 saltibus
1204 4221 1240 4280 et
1260 4204 1361 4303 aquis
