3272 5182
572 517 680 574 menn
698 515 859 574 rennos.
1133 487 1136 496 ‘
1182 519 1239 574 ste

192 665 309 738 regem
328 647 544 716 Francorum
566 642 660 718 bello
682 659 734 717 est
756 645 913 716 adortus.
934 645 1128 719 Verebatur
1143 647 1240 718 enim

191 757 441 830 criminationis
461 774 566 856 atque
582 761 732 832 insamiae
744 761 851 833 talem
868 776 1010 857 tamque
1028 774 1167 860 turpem
1179 786 1242 832 no·

192 885 264 944 tam
284 875 478 966 incurrere,
498 889 537 947 ut
563 889 634 948 tam
655 876 859 949 solemniter
880 879 1035 974 percussi
1058 892 1093 949 et
1114 879 1240 951 sacrati

192 989 331 1068 foedcris
358 989 455 1087 apud
478 990 671 1080 peronam,
689 992 745 1064 vel
770 1016 854 1064 cum
874 993 1021 1063 minima
1042 1017 1083 1065 ac
1101 993 1241 1065 tenuis-

190 1105 279 1190 sima
292 1105 514 1202 apparentia,
535 1105 703 1178 infractor
717 1105 763 1178 ab
779 1106 898 1201 aliquo
917 1106 987 1180 dici
1004 1113 1152 1204 posset¹.
1172 1108 1241 1180 Sed

191 1219 228 1289 in
241 1218 311 1290 boc
322 1213 395 1291 non
409 1221 541 1318 quievit
553 1226 769 1293 Francorum
784 1246 864 1312 rex,
878 1246 944 1294 nec
956 1247 1040 1294 suus
1054 1221 1241 1320 praedictus

191 1334 529 1409 connestabularius.

237 1454 371 1524 Verum
387 1453 493 1525 ctiam
512 1468 547 1524 et
570 1451 726 1525 nobilem
747 1454 1018 1526 Ambianensem
1041 1455 1238 1544 civitatem,

191 1567 468 1663 repugnantibus
489 1592 554 1639 nec
577 1567 847 1641 assentientibus
869 1567 1132 1641 honestioribus
1154 1570 1241 1640 civi·

190 1681 257 1753 bus
277 1681 365 1775 loci,
396 1682 488 1780 vulgi
510 1686 679 1784 praecipiti
702 1701 737 1757 et
761 1685 961 1758 inconsulta
985 1701 1091 1783 atque
1109 1688 1240 1759 tumul·

191 1799 303 1870 tuaria
320 1798 488 1892 factione,
508 1801 667 1872 similiter
690 1803 839 1899 recepit,
867 1815 900 1874 et
922 1825 943 1873 a
965 1801 1065 1872 ducis
1079 1806 1239 1897 Burgun-

190 1910 342 1984 dionum
358 1913 495 1985 ditione
511 1913 678 1987 abstraxit
687 1918 709 1986 ¹.
734 1921 775 1987 Et
799 1917 914 2014 primo
937 1915 1102 2013 quidem,
1122 1941 1203 1988 cum
1220 1941 1241 1989 a

190 2029 293 2099 certis
314 2030 597 2119 commissariis³‚
624 2032 727 2128 regiis
750 2032 964 2130 quibusdam
988 2033 1147 2130 equitum
1171 2047 1242 2104 tur-

190 2146 256 2216 mis
292 2146 449 2237 sooiatis‚
486 2149 651 2220 summati
680 2173 722 2219 ex
755 2163 856 2245 parte
891 2150 980 2246 regis
1011 2149 1241 2246 requisitique

190 2257 336 2331 fuissent
362 2275 403 2333 ut
426 2287 502 2334 sese
527 2263 720 2352 dederent,
749 2265 899 2336 oonsilio
927 2263 1157 2362 prudentium
1177 2263 1241 2335 ho·

190 2377 457 2477 nestiorumque
488 2380 637 2452 civitatis
667 2404 705 2451 se
736 2380 982 2452 honestissima
1010 2380 1241 2478 responsione

191 2491 406 2586 tutabantur,
422 2509 658 2594 poterantque
676 2519 816 2594 semper
831 2495 957 2567 eadem
975 2519 1012 2567 se
1035 2495 1241 2568 defensione

191 2613 301 2700 tueri,
328 2611 357 2682 si
379 2613 417 2684 in
437 2611 563 2684 eadem
585 2613 757 2684 sententia
781 2611 874 2683 firmi
895 2611 1069 2710 solidique
1094 2612 1242 2684 fuissent

191 2749 233 2798 ac
249 2730 458 2802 mansissent
467 2732 489 2798 ⁴.
512 2732 731 2827 Responsum
744 2728 840 2799 enim
859 2742 946 2800 tunc
962 2728 1122 2800 consulte
1137 2726 1242 2799 dede·

231 2989 259 3042 t,
281 2985 483 3065 Appreciation
497 2987 664 3048 tres-sauses
677 2987 728 3047 des
743 2988 924 3068 dispositions
937 2988 976 3048 du
990 2989 1061 3061 duo,
1079 2990 1128 3069 qni
1142 3009 1241 3069 regar·

191 3073 251 3133 deit
264 3075 292 3134 ie
304 3077 387 3135 traite
400 3076 437 3136 de
450 3077 580 3136 Peronne
593 3097 705 3136 comme
720 3098 823 3157 rompu
840 3098 893 3158 par
905 3079 933 3138 la
947 3079 1092 3158 reception
1107 3078 1142 3138 de
1154 3083 1239 3140 War-

191 3163 261 3221 rrick
278 3164 469 3238 (Chasteiain,
484 3177 556 3244 part.
574 3169 634 3240 111,
653 3166 700 3224 ch.
721 3171 836 3242 oxon),
854 3167 924 3226 mais
941 3167 991 3244 qui
1008 3166 1118 3244 croyait
1134 3166 1158 3224 si
1173 3165 1240 3226 bien

191 3250 323 3312 dominer
341 3255 428 3312 Louis
445 3255 487 3311 Xl
506 3275 559 3334 par
575 3255 603 3314 la
620 3277 704 3335 pour,
723 3256 794 3335 qu’il
811 3277 894 3316 nese
912 3257 1008 3316 donna
1022 3257 1049 3315 ia
1061 3257 1145 3336 peine
1158 3257 1189 3314 ni
1204 3255 1240 3316 de

191 3341 290 3400 reuuir
306 3361 351 3401 ses
376 3354 507 3420 troupes‚
527 3343 558 3401 ni
571 3344 607 3402 de
621 3357 722 3404 mettre
741 3365 777 3404 en
795 3346 853 3404 etet
866 3346 902 3406 de
916 3346 1031 3406 defense
1049 3345 1091 3404 les
1108 3345 1191 3404 villes
1203 3345 1240 3404 de

191 3429 219 3489 la
241 3433 371 3505 Somme‚
386 3432 511 3511 quoique
528 3433 555 3492 le
572 3433 628 3493 duc
645 3434 682 3493 de
697 3434 832 3494 Bourbon
845 3436 887 3495 lui
903 3439 951 3496 edt
967 3435 1061 3494 donne
1076 3454 1143 3493 sous
1163 3435 1240 3493 main

191 3515 273 3596 Paris
287 3517 338 3578 des
349 3521 455 3596 projets
467 3539 524 3598 que
538 3521 565 3580 le
579 3523 622 3580 roi
637 3523 751 3581 formait
768 3535 869 3584 contre
889 3544 935 3583 ces
958 3524 1049 3583 villes.
1066 3524 1238 3596 Commines,
1279 3539 1280 3544 ’

191 3604 341 3680 t.111‚ch.
358 3630 380 3667 1.

232 3699 260 3755 Ξ.
281 3701 322 3758 Le
337 3701 355 3756 Ξ
370 3699 475 3758 sevrier
490 3703 577 3760 tttt.

232 3789 261 3846 3.
283 3790 336 3846 Ces
353 3788 560 3848 commissaires
579 3789 684 3848 etaient
701 3790 743 3848 ies
760 3787 907 3866 seigneurs
925 3788 961 3848 de
977 3794 1080 3868 Tomy,
1095 3789 1131 3849 de
1145 3793 1240 3848 Beau·

193 3887 273 3934 mont
290 3888 319 3934 et
335 3877 371 3936 dc
389 3877 534 3936 Puisieux.
550 3877 619 3935 Voir
636 3877 663 3935 le
681 3876 751 3936 recit
765 3875 819 3934 tire
833 3875 883 3934 des
896 3877 1029 3956 registres
1043 3877 1079 3937 de
1092 3877 1189 3936 t’hotet
1204 3877 1240 3936 de

192 3965 260 4025 ville
276 3964 422 4026 d’Amiens
439 3971 528 4047 (Aug.
545 3967 676 4045 Tbierry‚
690 3966 807 4026 Recueil
825 3965 876 4025 des
894 3972 1075 4027 Monuments
1088 3965 1190 4026 inedits
1204 3966 1240 4025 de

193 4053 337 4116 l’Histoire
350 4056 390 4116 du
403 4047 575 4132 Time-Etat,
591 4069 613 4117 t.
629 4061 673 4130 11,
688 4077 718 4135 p,
736 4058 808 4130 329)
816 4100 825 4131 ‚
840 4056 912 4114 recit
924 4057 1011 4116 d'une
1024 4069 1162 4116 tournure
1174 4069 1240 4134 trop

191 4143 338 4219 officieile‚
353 4159 382 4206 et
393 4145 462 4224 qu'il
476 4146 579 4205 saudra
592 4145 723 4204 moditier
738 4165 789 4223 par
801 4145 876 4205 celui
888 4145 926 4205 de
938 4147 1060 4206 Thomas
1073 4146 1167 4208 Basin.

233 4234 262 4293 t.
284 4233 323 4293 Ils
334 4255 353 4312 y
364 4234 488 4294 seraient
498 4235 586 4294 restes
598 4235 620 4292 si
633 4234 659 4293 le
670 4234 727 4325 duo
737 4233 774 4294 de
784 4238 965 4315 Bourgogne,
978 4236 1028 4313 qui
1038 4235 1107 4294 etait
1116 4255 1240 4295 aecouru
