3384 5184
378 510 437 568 rea
651 502 907 563 arsromauuu
927 498 1106 558 Lunovrcr
1125 470 1171 554 xi
1231 492 1270 612 ἰ

730 784 986 854 CAPITULUM
1011 785 1087 854 XV.

428 995 467 1047 De
478 991 613 1046 immensis
625 989 816 1044 calamitatibus
824 1007 890 1060 qima
900 1007 977 1062 passa
987 1001 1025 1043 est
1035 987 1219 1054 Normannia,
1231 999 1286 1040 tam
1297 1005 1313 1041 a
1325 1005 1386 1065 rege

611 1089 717 1141 quma
729 1071 783 1125 suis
793 1071 921 1125 militibus
929 1084 955 1125 et
964 1083 1042 1144 gente
1053 1069 1205 1123 Britonum.

426 1259 565 1330 Interea
588 1265 709 1324 autem
737 1275 819 1344 rex,
848 1275 933 1322 cum
955 1263 1069 1322 totam
1092 1247 1161 1320 sibi
1188 1246 1445 1320 Normanniam

377 1371 568 1468 subigeret,
587 1370 730 1468 quantis
740 1368 800 1441 illa
816 1368 944 1441 misera
959 1382 1056 1441 terra
1067 1364 1329 1441 calamitatibus
1343 1388 1445 1438 com-

377 1489 471 1589 pleta
485 1489 529 1562 sit
549 1497 585 1560 et
605 1485 769 1560 confecta
791 1511 867 1557 non
890 1500 944 1558 est
960 1484 1063 1558 facile
1084 1483 1130 1558 ad
1149 1483 1368 1580 condignum
1386 1507 1441 1553 re·

363 1588 480 1678 'ferre
495 1609 544 1678 Ex
556 1629 628 1678 uua
641 1617 756 1704 parte,
772 1617 807 1676 et
820 1601 952 1700 ubique
970 1627 1084 1700 paeue,
1100 1616 1176 1674 tota
1194 1603 1286 1699 regis
1300 1600 1438 1690 militia,

378 1721 489 1796 effusa
511 1747 577 1821 per
593 1745 717 1819 agros,
738 1744 912 1819 pauperes
930 1719 1081 1791 rusticos
1098 1743 1272 1816 agrorum
1288 1717 1445 1790 cultores

379 1839 456 1912 siue
474 1838 546 1912 ulla
562 1837 790 1911 miseratione
808 1833 977 1925 vexabat,
1008 1829 1136 1907 eo'rum
1160 1834 1259 1906 bona
1275 1833 1446 1930 diripiens

377 1971 655 2046 etconsumens;
673 1951 930 2024 exalteravcro
942 1967 1056 2054 parte,
1073 1976 1198 2023 versus
1211 1950 1442 2041 Britanniam,

378 2069 438 2145 illa
468 2070 656 2144 Britonum
683 2068 833 2158 militia,
861 2067 899 2138 in
927 2093 1028 2140 suam
1057 2081 1239 2141 revertens
1264 2066 1439 2165 patriam,

380 2186 502 2259 omnia
517 2184 727 2284 populabat.
747 2186 868 2281 Neque
884 2185 982 2256 enim
998 2184 1229 2278 victualibus,
1255 2207 1334 2280 quae
1348 2179 1443 2282 apud

381 2302 532 2376 rusticos
554 2301 784 2393 invenerant,
812 2301 896 2373 satis
919 2315 995 2374 erat
1017 2301 1067 2373 eis
1088 2301 1223 2392 ventris
1252 2299 1446 2396 ingluviem

383 2432 561 2508 saturare,
581 2416 721 2517 sibique
746 2432 782 2490 et
803 2417 905 2516 equis
927 2441 969 2490 ac
985 2418 1155 2515 jumentis
1179 2441 1263 2490 oum
1287 2416 1443 2514 hospitio

322 2609 327 2620 ,
383 2535 558 2637 pabulum
585 2537 692 2635 gratis
716 2535 902 2627 iuvenire3
934 2535 998 2608 sed
1023 2535 1184 2635 ipsorum
1213 2532 1377 2607 vehicula
1411 2545 1448 2604 ct

340 2659 344 2672 “
385 2653 574 2753 quadrigas
600 2653 833 2753 accipientes,
861 2653 1077 2725 rusticorum
1101 2676 1248 2726 omnem
1274 2649 1447 2751 supellec·

385 2771 497 2865 tilem,
516 2795 625 2870 quarn
640 2771 817 2843 incorum
833 2768 1003 2842 domibus
1021 2769 1240 2867 reperirent,
1261 2768 1395 2842 vectari
1409 2766 1448 2840 in

387 2911 488 2961 suam
520 2888 671 2988 patriam
697 2889 734 2959 in
761 2886 969 2984 hujusmodi
1001 2886 1185 2984 quadrigis
1216 2898 1252 2958 ct
1276 2883 1450 2958 vehiculis

386 3004 575 3077 faciebant.
594 3009 761 3076 armenta
776 3028 941 3102 quoque,
966 3018 1002 3076 et
1019 3003 1141 3076 ovium
1157 3029 1220 3076 seu
1233 3003 1422 3103 caprarum
1436 3058 1465 3098 r.

385 3134 450 3210 aut
465 3143 660 3221 porcorum
675 3143 816 3216 greges,
842 3133 1021 3217 quotquot
1037 3119 1198 3192 invenire
1216 3133 1382 3219 possent,
1402 3119 1449 3192 si·

389 3237 519 3310 militer
533 3233 761 3308 abducebant
778 3261 786 3304 ι
805 3233 873 3306 sibi
888 3234 1046 3333 praedam
1065 3260 1107 3308 ex
1126 3235 1193 3329 his,
1215 3259 1451 3334 quaecumque

389 3355 483 3455 apud
502 3355 623 3455 patriae
638 3354 778 3427 accolas
795 3379 860 3453 per
874 3377 978 3451 agros
994 3379 1070 3430 sese
1087 3355 1304 3453 objicerent,
1324 3356 1452 3428 facien·

388 3486 462 3558 tes,
489 3471 683 3569 omniaque
707 3471 884 3570 rapientes
908 3457 1080 3570 tauquam
1109 3473 1147 3543 in
1174 3486 1276 3545 terrm
1302 3471 1452 3570 alicujus

387 3585 510 3659 hostili
525 3589 735 3662 vastatione.
757 3585 861 3660 Unde
878 3612 945 3660 nec
965 3589 1146 3688 tripodas,
1176 3588 1231 3663 vel
1248 3589 1426 3662 andenas¹
1436 3643 1448 3683 ,

389 3717 451 3804 aut
467 3703 633 3795 cacabos,
653 3729 716 3778 seu
732 3703 929 3801 quidquam
947 3705 1028 3777 serri
1048 3721 1110 3780 aut
1134 3707 1279 3780 alterius
1296 3705 1451 3800 metalli,

388 3822 668 3915 vel’lectorum,
696 3837 759 3895 aut
775 3821 887 3894 laneae
910 3822 984 3895 sive
1006 3822 1106 3895 lineae
1131 3823 1377 3924 supellectilis,
1406 3821 1453 3897 ad

388 3967 467 4041 quae
484 3939 612 4013 uranus
626 3941 768 4012 mittere
785 3940 1004 4039 potuissent,
1025 3940 1062 4010 in
1082 3938 1194 4014 domo
1210 3939 1330 4042 aliqua
1346 3939 1453 4013 relin-

387 4053 564 4153 quebant,
585 4054 707 4128 omnia
724 4053 908 4149 tollentes,
929 4054 1051 4128 omnia
1067 4053 1259 4152 abigentes.
1285 4061 1374 4145 Quae
1397 4079 1453 4128 res

332 4263 342 4283 ⁸
426 4266 455 4324 l.
479 4267 613 4338 Audena,
626 4261 740 4323 landier
753 4281 793 4322 ou
807 4263 921 4323 chenet.
