3014 5010
1205 202 1248 263 ,ὁὶ

572 441 683 497 LIBER
702 441 906 497 SECUNDUS.
1212 440 1265 495 121

210 596 332 646 comes
345 571 390 643 de
405 569 608 659 Cdorolois,
627 584 682 661 ut,
698 569 841 643 obviam
855 572 906 642 eis
918 570 1130 659 adveniens,
1146 587 1272 646 contra

210 712 330 784 regem
348 688 466 785 ipsum
489 711 598 781 quem
619 685 787 758 advolare
808 687 1002 774 sentiebat,
1024 712 1212 759 succursus
1235 703 1271 759 et

209 803 455 877 subventionis
475 800 646 902 praeberet
665 802 806 890 solatia,
825 804 1030 874 transmisso
1051 803 1198 874 flumine
1212 806 1271 874 Se·

210 945 354 1018 quana,
374 920 585 1018 campestria
613 919 672 990 illa
695 918 818 991 Belciae
838 920 1021 1020 petierat¹,
1041 943 1062 990 a
1081 920 1182 990 terris
1198 923 1271 992 suis

210 1035 364 1107 multum
391 1059 428 1106 se
454 1034 624 1132 elongans
647 1050 682 1107 et
708 1034 892 1134 usquead
917 1035 1049 1107 viscera
1080 1037 1180 1132 regni
1207 1061 1271 1107 au-

209 1151 331 1223 dacter
348 1164 554 1249 penetrans.
572 1155 702 1223 Parum
718 1152 786 1223 sibi
808 1150 959 1223 fideliter
974 1165 1008 1222 et
1028 1151 1180 1222 honeste
1202 1152 1271 1250 ipsi

210 1272 390 1361 Britones,
405 1284 501 1341 retro
519 1268 706 1359 abeundo,
727 1270 842 1340 vicem
858 1267 1104 1340 reddiderunt.

256 1393 467 1487 Speraverat
488 1404 524 1460 et
538 1403 801 1486 exspectaverat
820 1388 953 1459 habere
971 1413 1092 1461 comes
1113 1388 1159 1461 de
1178 1392 1267 1462 Cha·

208 1506 318 1579 rolou·
333 1507 417 1579 satis
430 1505 638 1604 tempestive
651 1529 756 1576 suum
775 1503 1019 1577 marescallum
1040 1507 1268 1603 Burgundiae,

208 1648 292 1695 curn
318 1620 589 1719 quadringentis
617 1619 750 1693 lanceis
779 1621 1073 1716 Burgundionum
1100 1647 1267 1713 suorum;

207 1743 313 1816 simul
325 1742 484 1837 etiamnut
498 1765 621 1812 secum
638 1766 851 1813 concurrere
863 1741 1035 1813 deberent
1046 1744 1161 1813 caeteri
1176 1743 1272 1839 prin·

141 1872 147 1877 ’
208 1861 306 1958 cipes
332 1854 584 1950 confoederati,
612 1883 694 1928 curn
719 1859 791 1928 suis
817 1858 947 1955 copiis,
973 1857 1137 1929 videlicet
1162 1857 1270 1929 duces

209 1971 399 2063 Borbonii,
417 1973 587 2046 Calabriae
608 1989 645 2045 et
661 1975 926 2062 Nemorcensis,
945 1990 1052 2073 atque
1068 1999 1190 2047 comes
1207 1980 1272 2046 Ar·

209 2091 390 2182 miniaci¹;
410 2091 473 2164 sed
488 2091 577 2163 dum
594 2091 794 2191 periculum
812 2105 951 2188 urgeret
967 2117 1190 2190 praesensque
1207 2091 1269 2162 ad·

209 2205 312 2297 soret,
324 2207 489 2278 nondum
507 2209 633 2305 aliquis
647 2233 772 2279 eorum
792 2208 1013 2299 adventarat,
1025 2209 1106 2279 licet
1121 2208 1270 2279 condic-

210 2336 267 2392 tus
286 2322 361 2394 dies
378 2324 584 2420 praeteriisse
611 2323 806 2409 diceretur,
829 2348 902 2419 quo
932 2325 968 2394 in
998 2349 1111 2394 uuum
1135 2349 1268 2396 conve·

209 2438 303 2509 nisse
320 2453 428 2534 atque
444 2437 584 2510 collecti
601 2463 676 2509 esse
692 2437 912 2509 debuissent.

256 2558 448 2626 Transacto
481 2554 587 2650 igitur
620 2553 717 2624 dicto
752 2553 975 2624 tumultuoso
1004 2566 1039 2623 et
1075 2552 1271 2651 plurimum

207 2671 360 2742 confuso
381 2672 577 2742 certamine
601 2670 699 2767 apud
723 2670 1045 2758 montem-uertet,
1070 2694 1154 2742 cum
1170 2673 1208 2741 in
1224 2696 1269 2742 eo

207 2848 294 2908 taient
307 2850 387 2928 point
404 2853 420 2906 a
434 2861 536 2926 quatre
552 2849 642 2908 lieues
658 2850 694 2907 de
711 2850 875 2927 Montlbc'ry
889 2851 916 2908 lc
935 2853 972 2908 16
981 2850 1087 2924 juillet,
1106 2850 1228 2929 puisque
1243 2851 1270 2910 le

208 2942 246 2997 15
264 2939 362 3013 juillet
383 2959 423 2997 un
446 2938 557 2996 officier
583 2939 619 2997 de
641 2941 668 2996 la
696 2940 807 2997 maison
831 2940 867 2997 de
894 2943 1065 3019 Boni-gogne
1089 2940 1208 2997 ccrivait
1233 2940 1270 2999 de

205 3028 324 3089 l'armee
343 3030 383 3087 du
399 3043 493 3087 comte
513 3029 549 3087 de
568 3030 716 3088 Charolais
736 3034 825 3106 qu’on
847 3030 924 3087 avait
944 3031 971 3086 la
992 3030 1128 3088 nouvelle
1150 3051 1207 3107 que
1228 3031 1269 3089 les

206 3121 326 3178 Bretons
351 3119 457 3177 etaient
483 3121 499 3175 a
523 3119 722 3180 Chateaudun.
746 3125 921 3178 Documents
947 3119 1070 3194 incdits,
1104 3125 1267 3197 Melanges,

208 3219 229 3267 t.
248 3212 288 3281 11,
303 3230 333 3288 p.
349 3213 418 3268 350.

248 3302 276 3360 1.
296 3299 365 3358 Cela
377 3311 420 3357 est
434 3299 491 3357 mal
506 3298 555 3359 dit,
572 3304 613 3357 Le
629 3311 723 3356 comte
737 3298 774 3357 de
789 3299 937 3357 Charolais
952 3301 1072 3357 s'arrcta
1084 3301 1101 3356 a
1115 3287 1266 3377 Etampes,

208 3405 261 3463 par
273 3389 450 3464 consc'quent
462 3393 575 3447 n'eutra
589 3389 669 3466 point
682 3409 718 3447 en
735 3394 857 3446 Beaucc.

249 3479 278 3534 2.
305 3504 318 3529 ι
336 3481 391 3535 Les
408 3477 479 3536 ducs
500 3478 536 3536 de
556 3477 709 3551 Bourbon,
728 3479 764 3536 de
784 3480 904 3538 Calabra
923 3492 951 3538 et
970 3479 1007 3538 de
1024 3481 1179 3544 Nemours,
1196 3477 1270 3536 ainsi

207 3587 264 3645 que
276 3568 305 3627 le
316 3583 411 3628 comte
425 3569 629 3651 d’Armagnac.
645 3598 657 3622 »
672 3574 713 3628 Le
727 3569 783 3627 duc
795 3569 831 3628 de
843 3570 981 3629 Bourbon
996 3583 1024 3630 et
1038 3570 1080 3628 les
1094 3574 1269 3648 Armagnacs

206 3656 342 3714 venaient
358 3657 394 3716 de
408 3659 508 3717 truiter
521 3679 593 3718 avec
605 3660 634 3717 le
648 3660 692 3717 roi
705 3663 721 3716 a
733 3659 835 3732 Riom,
852 3673 880 3717 et
897 3658 933 3717 de
951 3665 1102 3739 s’engager
1115 3661 1132 3715 a
1147 3658 1271 3736 deposer

207 3742 248 3801 les
262 3762 366 3802 armes.
382 3745 420 3803 Ils
433 3746 576 3804 violcrent
589 3747 653 3805 leur
666 3760 793 3806 serment
812 3762 840 3807 et
856 3749 972 3806 vinrent
988 3769 1018 3807 se
1030 3746 1145 3820 joindre
1159 3767 1229 3804 avec
1242 3746 1269 3805 lc

205 3844 301 3890 comte
318 3831 354 3890 de
368 3833 515 3893 Charolais
529 3835 627 3912 quand
644 3837 680 3894 ils
699 3837 848 3915 apprirent
868 3857 898 3894 sa
916 3837 1037 3895 victoire
1055 3841 1072 3894 a
1091 3835 1265 3912 Montlhery.

205 3926 302 3998 Quant
317 3943 354 3981 au
368 3922 423 3981 duc
434 3923 470 3982 de
482 3925 614 3999 Calabre,
630 3926 754 3985 l'auteur
767 3926 795 3983 le
806 3945 921 3983 nomme
934 3928 950 3982 a
964 3937 1022 3981 tort
1035 3943 1105 3982 avec
1117 3924 1158 3981 les
1167 3923 1269 3981 conle-

206 4009 289 4069 de'rcs
303 4011 342 4070 du
360 4012 439 4071 midi.
462 4014 485 4071 Il
503 4016 719 4095 accompagnait
735 4015 762 4073 le
776 4016 919 4073 marecbal
935 4014 971 4072 de
986 4019 1175 4093 Bourgogne‚
1192 4012 1270 4070 avait

206 4102 252 4159 ete
268 4102 364 4161 e'carte'
380 4123 493 4161 comme
508 4103 549 4161 lui
561 4102 597 4162 de
613 4104 641 4162 la
654 4103 839 4183 Cbampagne
854 4120 883 4162 et
896 4103 1053 4180 s'avancait
1066 4122 1118 4181 par
1134 4101 1162 4159 la
1176 4104 1267 4159 Bour-

207 4211 312 4270 gogne.
324 4196 400 4251 Tous
410 4190 487 4250 deux
499 4190 686 4269 rejoignirent
695 4192 772 4251 aussi
780 4193 865 4271 apres
877 4192 904 4250 la
916 4191 1032 4251 bataille
1043 4190 1079 4249 de
1091 4189 1265 4265 lllontlbery.
