3402 5186
647 517 756 574 usus
775 515 925 576 PRIMUS.
1280 525 1318 582 tt

254 651 395 724 civitate
421 647 635 721 Naunetensi
657 661 693 720 et
711 648 894 722 nonnullis
923 647 1001 723 aliis
1020 649 1109 723 locis
1125 653 1319 750 provinciae

253 791 340 839 cum
360 763 496 864 ingenti
523 762 662 836 honore
682 779 718 836 et
740 764 925 838 testivitate
945 781 1117 866 exceptus
1134 783 1207 858 est,
1229 769 1318 842 nihil

253 883 379 956 talium
404 881 601 980 suspicato¹
626 883 744 980 qualia
774 907 837 956 rex
864 885 985 956 animo
1018 883 1199 959 volvebar.
1228 892 1318 960 Cum

253 999 361 1096 igitur
383 996 515 1070 finibus
540 997 726 1070 Britanniae
751 1023 932 1096 egressus,
959 1001 1056 1072 sein
1082 1025 1234 1098 reguum
1259 1025 1320 1074 rex

255 1114 377 1188 denuo
409 1113 614 1212 recepisset,
647 1126 734 1186 tunc
764 1139 874 1215 super
900 1114 1109 1213 hujusmodi
1142 1115 1319 1190 fidelitatis

255 1245 480 1306 sacramento
495 1243 601 1328 atque
616 1229 815 1322 civitatibus
826 1246 862 1304 et
877 1233 1000 1324 terris,
1020 1257 1086 1331 per
1098 1257 1217 1330 negem
1235 1257 1321 1329 que·

255 1347 329 1420 rela
342 1359 378 1419 et
390 1345 599 1442 disceptatio
617 1370 702 1419 cum
719 1345 812 1418 duce
828 1346 954 1420 haberi
968 1349 1088 1446 coepit.
1110 1351 1208 1420 Dum
1228 1361 1322 1419 uter·

255 1486 327 1560 que
338 1461 553 1560 pertinacius
566 1461 637 1533 suis
654 1461 904 1534 allectionibus
915 1476 1022 1561 atque
1037 1461 1188 1534 decretis
1204 1463 1322 1535 studet

256 1577 446 1668 inhaerere,
478 1591 515 1649 et
544 1577 708 1674 quamvis
733 1602 797 1676 per
821 1601 942 1674 regem
959 1576 1131 1652 adversus
1152 1575 1320 1650 eumdem

255 1694 386 1766 ducem
396 1693 503 1765 variae
514 1693 790 1772 ostenderentur
805 1694 1034 1792 querelarum
1045 1718 1176 1786 causae,
1191 1719 1212 1766 a
1228 1693 1321 1766 mul·

256 1810 301 1882 tis
324 1823 444 1883 tamen
467 1833 541 1882 una
567 1824 654 1882 tunc
676 1828 865 1910 suppressa
889 1827 925 1884 et
949 1810 995 1884 de
1018 1836 1091 1910 qua
1107 1812 1242 1884 mentio
1258 1835 1321 1910 pa·

255 1927 328 2000 lam
341 1929 488 1999 minime
501 1927 703 2001 habebatur
719 1928 844 2024 luisse,
863 1930 1035 2002 aestimata
1050 1942 1103 2001 est
1117 1929 1294 2029 praecipua
1309 1957 1317 1999 :

257 2067 301 2114 eo
314 2042 478 2116 videlicet
494 2043 595 2142 quod
612 2043 708 2115 idem
725 2045 798 2117 dux
810 2070 894 2118 curu
911 2047 1044 2119 comite
1057 2044 1102 2118 de
1116 2043 1317 2132 Clrnrolosi,

257 2157 332 2231 lilio
358 2161 466 2231 unico
499 2159 674 2260 Philippi,
703 2162 1000 2259 Burgundionum
1030 2163 1134 2236 ducis
1156 2162 1318 2254 illustris,

257 2277 512 2348 fraternitatem
537 2292 645 2376 atque
673 2280 865 2352 amicitiam
881 2280 1096 2376 singularem
1120 2278 1317 2378 copularat.

258 2395 377 2481 Quam
393 2415 474 2480 rex,
493 2409 533 2464 ut
549 2391 595 2464 ad
611 2392 701 2464 fines
717 2394 874 2467 intentos
891 2395 1085 2492 aliquando
1098 2393 1318 2494 perveniret,

257 2508 490 2582 vehementer
512 2509 706 2582 dissolvere
728 2523 834 2606 atque
867 2510 1092 2609 disrumpere
1124 2511 1317 2606 satagebat.

306 2627 456 2700 Duravit
471 2642 591 2699 autem
608 2625 816 2722 hujusmodi
833 2626 993 2698 simultas
1011 2651 1076 2724 per
1099 2651 1215 2698 anuos
1230 2651 1321 2722 qua·

259 2755 353 2836 tuor,
380 2757 415 2816 et
433 2742 578 2815 tandem
605 2742 754 2814 demum
779 2742 817 2813 in
839 2755 1000 2841 apertam
1021 2741 1321 2840 manifestamque

258 2856 515 2932 dissensionem
536 2860 671 2958 erupit,
690 2873 798 2958 prout
826 2860 862 2931 in
890 2858 1142 2958 sequentibus,
1160 2859 1319 2959 propitio

258 2976 348 3068 Deo,
367 3000 433 3048 suo
448 2977 530 3049 loco
546 2976 756 3050 reseremus.

602 3309 860 3380 CAPlTULUM
883 3311 975 3380 XlV.

258 3511 353 3578 Qualia
371 3512 467 3566 auxilia
490 3510 633 3574 Hernicus,
653 3511 800 3582 Anglorum
819 3530 882 3580 rex,
902 3523 929 3566 et
944 3513 1092 3586 Margareta
1112 3511 1218 3584 regina,
1239 3531 1321 3584 regno

295 3594 393 3664 Augila
407 3593 526 3666 depulsi,
540 3589 613 3664 apud
628 3588 795 3646 ludovicum
807 3609 911 3664 regem,
929 3611 990 3647 cum
1010 3605 1096 3647 essent
1107 3593 1188 3646 ambo
1203 3591 1322 3664 ejusdem

294 3673 458 3742 consobrini,
471 3673 639 3729 invenerunt.

310 3850 465 3924 Audiens
486 3868 605 3926 autem
626 3855 823 3948 Margareta
834 3855 857 3942 ¹,
882 3875 974 3937 uxor
996 3853 1156 3946 Heurici,
1188 3850 1316 3949 anglo·

260 3986 340 4035 rum
360 3963 499 4060 regina,
520 3991 599 4063 quae
623 3988 706 4036 cunr
725 3963 805 4033 viro
825 3985 914 4053 suo,
935 3987 1046 4060 regno
1068 3976 1103 4034 et
1127 3964 1239 4061 patria
1258 3987 1322 4061 per

302 4177 332 4234 l.
353 4175 516 4252 Suspicatus
530 4127 643 4234 dansle
658 4193 712 4234 ms.
770 4157 773 4171 ‚
1063 4248 1067 4264 ,

310 4263 338 4324 2.
361 4263 537 4344 Marguerite
548 4262 691 4335 d‘snjon,
704 4260 809 4320 lemme
822 4260 862 4321 du
876 4261 921 4322 roi
935 4263 1024 4323 Hebri
1039 4265 1087 4322 v1.
