3322 5172
372 519 429 576 att
642 521 899 580 fllstottltlttttt
919 522 1097 581 Lunovlcl
1116 523 1160 580 x1

370 653 429 728 cui
447 651 591 728 difficile
611 669 696 728 tunc
716 655 754 726 in
776 669 852 730 tota
870 653 983 730 Gallie
998 653 1126 752 aliquis
1139 679 1193 759 vex
1212 653 1426 752 illustribus,

255 770 257 784 '
370 792 443 840 non
463 770 574 843 modo
586 771 760 871 superior,
781 770 845 844 sed
860 795 927 843 nec
940 771 974 844 ei
988 771 1024 842 in
1043 768 1223 868 probitate
1241 772 1431 846 conseren-

370 884 455 975 dus,
471 884 588 974 sacile,
603 886 787 959 communi
803 886 996 958 hominum
1012 885 1262 975 estimatione,
1276 887 1431 962 inveniri

368 1003 557 1100 potuisset.
586 1007 705 1100 lpsum
730 1003 822 1098 regis
846 1000 982 1097 legatus
1003 1026 1088 1074 cum
1108 1001 1263 1074 exercitu
1288 1019 1369 1077 astu
1395 1021 1431 1078 et

370 1117 456 1190 dolo
471 1117 580 1206 malo,
602 1118 715 1210 falsis,
734 1132 774 1190 ut
795 1117 888 1190 sama
906 1127 998 1210 erat,
1019 1118 1339 1218 pollicitationibus
1355 1122 1432 1219 pel·

368 1233 503 1308 lectum
521 1248 556 1306 et
568 1247 699 1305 temere
713 1231 897 1323 delusum,
916 1233 954 1304 in
971 1258 1093 1322 suam,
1112 1234 1191 1332 ipso
1206 1259 1244 1308 se
1260 1233 1428 1331 dedente,

369 1351 503 1448 recepit
522 1363 754 1448 potestatem3
773 1371 925 1446 suasque
950 1373 1048 1422 arces
1069 1363 1106 1422 et
1130 1345 1246 1424 castra
1272 1352 1429 1454 direpta,

370 1478 404 1536 et
420 1463 543 1548 bonis,
562 1463 694 1562 quibus
710 1465 855 1538 abunde
872 1479 907 1536 et
921 1465 1108 1560 insigniter
1123 1466 1297 1541 instructa
1310 1483 1430 1560 erant,

370 1578 503 1654 nudata
515 1578 563 1652 ad
578 1604 726 1652 manum
743 1595 778 1652 et
791 1579 919 1652 fiscum
933 1581 1072 1678 regium
1089 1582 1222 1680 posuit.

417 1696 527 1785 Quod
547 1723 632 1770 cunr
655 1723 717 1772 rex
737 1712 962 1797 compertum
986 1697 1158 1793 haberet,
1177 1699 1240 1796 qul
1261 1700 1432 1774 eumdem

369 1812 513 1905 ducem,
528 1813 576 1886 ob
592 1815 834 1912 suspicionem
849 1811 1007 1911 perfrdiae
1019 1827 1053 1886 et
1069 1813 1318 1913 proditionum
1327 1816 1432 1890 valde

370 1952 390 2000 a
419 1929 532 2002 multo
556 1931 631 2026 jam
659 1943 821 2029 tempore
852 1927 1011 2002 habebat
1036 1953 1207 2021 exosum,
1240 1927 1308 2004 sub
1332 1929 1433 2006 bona

370 2043 532 2116 custodia
550 2069 633 2118 eum
652 2045 800 2116 Parisios
825 2044 1036 2133 transmisit,
1057 2058 1098 2116 ut
1115 2043 1189 2116 illic
1206 2057 1431 2119 contraeunt

368 2183 555 2257 processus
566 2184 673 2258 super
688 2159 912 2253 criminibus,
932 2158 978 2231 de
991 2157 1123 2256 quibus
1134 2158 1272 2232 delatus
1287 2185 1432 2259 suspec-

369 2289 498 2371 tusque
524 2274 668 2346 habitus
684 2274 816 2365 suerat,
840 2275 878 2348 in
905 2275 1005 2348 curia
1031 2275 1247 2348 Parlamenti
1269 2274 1372 2348 fieret
1396 2292 1433 2351 et

369 2389 579 2481 haberetur3
597 2390 906 2489 quemadmodum
924 2391 1160 2491 postmodum
1177 2391 1310 2466 lactum
1326 2395 1432 2466 exsti-

370 2507 423 2578 tit.
449 2507 536 2598 Sed,
564 2508 672 2600 heus,
699 2507 793 2606 proh
821 2505 946 2581 dolorl
976 2533 1057 2607 quae
1083 2533 1183 2607 spes,
1207 2523 1284 2582 esto
1308 2509 1432 2582 insons

370 2624 511 2722 penitus
526 2623 664 2718 luisset,
685 2626 718 2697 ei
736 2648 920 2722 superesse
934 2638 1075 2723 poterat
1090 2623 1354 2723 consequendoe
1366 2625 1432 2698 ab·

368 2741 557 2814 solutionis
573 2765 594 2813 a
611 2741 783 2830 crimine,
800 2741 900 2837 cujus
914 2741 989 2838 jam
1006 2755 1040 2812 et
1054 2740 1153 2814 bona
1168 2739 1309 2839 direpta
1325 2755 1431 2837 atque

369 2883 515 2956 prorsus
530 2857 700 2957 adempta
717 2856 870 2945 fuerant,
890 2871 926 2930 et
939 2857 996 2954 (ut
1011 2857 1224 2956 plerumque
1240 2855 1318 2930 fieri
1334 2857 1431 2956 apud

370 2998 469 3072 reges
481 2979 702 3047 Francorum
712 2989 746 3048 et
758 2975 890 3048 similes
904 2988 1075 3070 tyrannos
1091 2973 1195 3070 solet)
1207 2973 1282 3070 jam
1298 2972 1433 3048 donata

371 3093 478 3165 etiam
494 3092 596 3190 ipsis¹
608 3090 727 3165 lorsan
743 3090 975 3182 delatoribus,
988 3091 1214 3190 nequissimis
1229 3106 1265 3165 et
1278 3092 1432 3190 rapacis-

370 3207 468 3280 simis
493 3208 641 3281 canibus
666 3207 854 3307 palatinis,
879 3206 1022 3300 sedet,
1047 3207 1148 3304 quod
1172 3205 1289 3280 multo
1307 3206 1433 3280 durius

370 3338 406 3395 et
420 3324 547 3420 majori
563 3323 764 3420 subjectum
780 3336 857 3394 erat
873 3322 1051 3421 periculo,
1077 3324 1185 3395 etiam
1201 3347 1284 3413 rex,
1306 3321 1355 3395 ad
1370 3345 1432 3394 cu·

367 3438 425 3535 jus
439 3437 596 3511 tribunal
614 3438 831 3535 judicandus
854 3438 1055 3533 sistebatur,
1074 3463 1177 3528 eum,
1196 3461 1303 3537 supra
1323 3461 1433 3536 quam

371 3552 472 3626 sacile
493 3553 564 3626 dici
582 3569 718 3654 potest,
742 3579 891 3627 exosum
911 3553 1078 3628 haberetl
1106 3554 1247 3644 Quibus
1264 3553 1433 3627 omnibus

372 3685 704 3768 quantumcumque
716 3670 781 3743 viri
793 3671 1006 3744 innocentiae
1020 3669 1366 3772 praejudicantibus’,
1378 3694 1433 3742 ve

372 3787 437 3859 luti
451 3788 527 3884 jam
543 3787 807 3886 praedamnatus
822 3802 857 3860 et
869 3787 1045 3887 supplicio
1061 3787 1226 3860 addictus
1239 3811 1261 3860 a
1273 3783 1435 3885 quolibet

374 3926 476 4000 aequo
492 3929 613 3976 rerum
629 3903 870 4003 ponderatore
879 3903 1000 4004 potuit
1013 3904 1192 3976 aestimari.
1212 3907 1285 3977 Nec
1300 3902 1339 3976 id
1349 3925 1434 4002 pro·

418 4187 445 4238 l.
469 4179 564 4238 Plutdt
580 4183 679 4256 ipsius.

417 4269 446 4326 2.
470 4269 657 4340 Praejrtdr'caro
671 4267 742 4328 dans
756 4269 783 4326 le
800 4287 853 4330 ms.
