3384 5184
591 495 701 554 rmus
720 483 922 588 summoue.
1229 497 1288 553 ras

228 625 397 721 fecerant,
415 626 595 726 fidemque
615 628 763 703 minime
780 643 1027 717 servaverant,
1047 643 1134 701 tnnc
1151 627 1288 725 absque

226 742 393 816 cautione
409 744 550 842 potiore
566 741 655 816 fides
670 745 720 816 eis
736 743 860 818 habita
875 769 950 818 non
967 759 1035 833 est;
1054 743 1113 815 sed
1130 744 1290 843 oportuit

226 873 267 931 ut
293 859 340 933 de
368 859 460 947 suis,
488 859 535 934 ad
562 860 740 934 delectum
767 860 924 957 ejusdem
954 860 1098 933 illustris
1112 861 1286 950 comitis,

227 974 371 1050 obsides
399 976 658 1074 quinquaginta
684 975 831 1066 darent,
860 976 922 1074 qui
949 1001 1061 1075 usque
1088 975 1134 1047 ad
1168 975 1289 1074 proxi·

228 1091 351 1164 mioris
364 1091 554 1165 solutionis
570 1092 780 1178 terminum,
801 1091 869 1164 sub
885 1115 995 1164 manu
1012 1093 1155 1165 victoris
1172 1117 1290 1164 rema-

227 1221 374 1298 nerent;
392 1206 570 1280 solutione
586 1221 706 1280 autem
724 1206 833 1295 sacta,
852 1208 900 1278 ita
918 1207 1016 1280 abire
1036 1207 1187 1279 domum
1205 1231 1289 1304 pos·

226 1337 324 1413 sent,
343 1337 534 1422 postquam
552 1323 615 1396 alii.
627 1324 886 1421 quinquaginta
907 1322 1052 1417 delecti,
1071 1336 1111 1394 ut
1131 1323 1287 1422 priores,

229 1438 325 1514 missi
339 1437 483 1512 obsides
503 1440 650 1513 sorent¹.
809 1455 811 1460 ·
1169 1425 1180 1464 ⁵

277 1553 320 1627 Et
343 1554 413 1629 hac
433 1557 525 1654 lege,
555 1571 590 1630 et
614 1553 682 1628 snb
704 1556 809 1628 certis
836 1555 956 1628 multis
982 1555 1160 1654 capitulis,
1182 1558 1290 1654 juris-

223 1671 368 1768 jurandi
393 1674 564 1772 religione
589 1672 756 1762 firmatis,
782 1672 827 1747 ad
851 1698 932 1747 suas
961 1674 1091 1746 domos
1120 1688 1155 1748 et
1187 1681 1290 1771 agros

226 1787 391 1885 permissi
413 1802 498 1860 sunt
517 1785 650 1879 abire¹3
676 1788 928 1888 principesque
951 1788 1103 1861 illustres
1127 1793 1288 1885 Burgun-

204 1903 401 1998 dionum,
433 1906 613 2003 permissis
639 1907 712 1978 suis
740 1903 911 1977 militibus
938 1906 1103 2005 proprias
1129 1887 1290 2003 repetere

228 2017 376 2113 domos,
397 2021 433 2092 in
451 2021 678 2096 Brabantianr
697 2019 959 2121 triumphantes
973 2035 1189 2093 remearunt.
1268 2049 1271 2052 ·

276 2136 380 2208 Siluit
399 2136 519 2234 itaque
538 2151 625 2208 tunc
646 2135 692 2209 ab
713 2137 892 2235 armisque
914 2137 1050 2234 quievit
1071 2141 1290 2210 Francorum

227 2276 306 2343 res,
331 2261 563 2351 spectareque
588 2254 725 2324 otiosus
751 2254 870 2351 potuit
895 2255 1041 2324 Dinanti
1062 2254 1224 2326 flammas
1256 2269 1291 2326 et

103 2410 106 2418 ·
228 2367 442 2441 stolidorum
465 2383 572 2466 atque
594 2372 859 2442 cervicosorum
882 2368 1168 2441 humiliationem
1196 2368 1290 2441 Ebu·

227 2508 378 2577 ronum,
398 2485 499 2576 licet,
522 2499 563 2558 ut
581 2483 752 2586 diximus,
774 2485 935 2581 ingentes
954 2483 1131 2562 bellorum
1154 2486 1292 2557 fecisset

228 2615 438 2699 apparatus,
462 2625 553 2698 quos
573 2600 609 2671 in
634 2625 760 2672 eorum
777 2599 1040 2698 protectionem
1063 2614 1171 2697 atque
1191 2599 1291 2670 anxi-

228 2713 317 2788 lium
335 2741 553 2816 expensurus
567 2715 846 2790 existimabatur.
868 2719 910 2786 Et
925 2715 1100 2813 profecto,
1117 2717 1147 2787 si
1162 2716 1292 2788 voluis·

229 2847 293 2921 set,
314 2849 455 2932 poterat
476 2833 576 2907 facile
592 2835 642 2907 eis
659 2833 831 2907 auxilium
850 2834 1043 2933 impertire,
1067 2834 1293 2932 Burgundio·

229 2974 391 3048 numque
412 2951 592 3052 principes
616 2965 722 3048 atque
746 2971 871 3022 eorum
897 2952 1069 3024 terras-tn
1096 2952 1292 3025 marimum

230 3065 421 3140 discrimen
439 3066 631 3150 adducere.
661 3071 750 3139 Nam
767 3068 814 3160 si,
836 3090 911 3165 qno
932 3081 1095 3166 tempore
1116 3092 1200 3139 cum
1220 3068 1292 3140 suis

230 3181 381 3279 agebant
398 3185 511 3283 copiis
527 3183 624 3282 apud
640 3184 855 3275 Dinantunn
868 3185 941 3256 suis
956 3182 1116 3282 undique
1132 3198 1293 3259 contrac-

231 3301 274 3372 tis
284 3355 294 3393 ‚
315 3317 425 3374 terras
442 3300 611 3373 Picardiae
628 3300 748 3372 luisset
764 3303 981 3398 aggressus,
1000 3325 1188 3399 nunquam
1205 3314 1294 3373 tern-

272 3458 300 3515 l.
326 3481 340 3510 ιι
362 3457 438 3516 C'est
462 3457 479 3512 0
501 3453 627 3530 sqavoir,
651 3465 744 3512 trente
768 3452 857 3512 deulx
879 3453 1009 3513 hommes
1029 3475 1105 3534 pour
1128 3454 1156 3513 la
1176 3455 1232 3514 cite
1257 3454 1294 3516 de

230 3543 333 3625 tte'ge,
351 3543 403 3602 dix
423 3563 499 3624 pour
518 3543 544 3602 la
565 3541 634 3601 ville
657 3541 694 3602 de
712 3546 856 3623 Tongres,
878 3544 922 3601 six
939 3543 974 3602 de
988 3544 1017 3602 la
1031 3543 1101 3602 ville
1124 3544 1161 3603 de
1183 3544 1293 3604 Sainct-

229 3636 307 3693 Tron
322 3645 351 3692 et
364 3634 409 3692 six
422 3633 459 3691 de
475 3631 505 3690 la
520 3631 589 3691 ville
603 3631 641 3690 de
656 3631 819 3702 Hasselt,...
839 3630 977 3709 lesquelz,
993 3653 1030 3691 au
1044 3630 1116 3691 bont
1130 3633 1166 3692 ‹le
1181 3634 1251 3706 l’an,
1266 3646 1295 3692 et

231 3719 319 3799 qu’ilz
340 3723 473 3781 auroient
493 3722 567 3800 peye
590 3739 650 3799 ung
673 3732 848 3799 payenrent‚
872 3720 966 3778 iceulx
991 3723 1146 3800 cinquante
1170 3723 1295 3782 seroient

231 3810 339 3888 quittez
356 3823 385 3869 et
407 3811 655 3884 retourneroient,
673 3821 852 3886 moyennant
873 3828 930 3886 que
953 3811 1027 3868 c'eux
1048 3809 1085 3869 de
1104 3810 1206 3889 Lic'ge,
1232 3808 1295 3867 ains

231 3897 321 3977 qu'ilz
338 3900 507 3978 peruissent,
526 3919 563 3958 en
582 3889 783 3958 rencerroient
805 3898 941 3957 d'aultres
961 3899 1125 3977 cinquante.
1146 3925 1159 3950 r·
1178 3903 1214 3956 Et
1232 3897 1295 3956 c'ela

233 3987 333 4050 devait
352 4009 382 4050 se
404 3989 556 4049 continues
574 3989 647 4049 ainsi
667 3988 789 4047 d’annee
811 4007 848 4048 en
871 3987 965 4048 annie
983 3987 1120 4068 jusqu'au
1139 4000 1296 4068 payement

232 4079 359 4159 complet
373 4079 424 4139 des
441 4081 568 4139 600000
584 4078 684 4138 florins
698 4076 828 4157 stipules.
844 4080 861 4136 J
865 4125 871 4140 .
884 4077 1040 4158 Duclercq‚
1056 4078 1074 4136 l.
1087 4081 1123 4152 V,
1137 4097 1163 4136 c.
1180 4097 1251 4135 arn.

190 4165 194 4172 '
273 4173 303 4234 2.
326 4175 366 4231 Le
382 4177 400 4230 t
415 4167 578 4250 septembre
595 4170 684 4227 libb.
1211 4173 1213 4180 ’

276 4263 304 4321 0.
327 4259 430 4322 θ’όιιίῐ
440 4259 510 4319 bien
524 4258 553 4317 tt
565 4277 599 4317 ce
612 4261 630 4315 a
643 4257 712 4336 quoi
726 4256 746 4315 il
760 4257 855 4334 visait,
865 4270 894 4318 et
904 4271 969 4317 tons
982 4259 1024 4317 les
1036 4269 1211 4316 armements
1225 4255 1296 4317 dont
