3384 5184
592 569 701 625 LIBER
720 569 921 628 SECUNDUS.
1227 572 1284 628 ild

230 699 404 770 rationem
432 697 469 768 in
490 697 562 769 suis
582 696 716 771 habere
734 697 899 770 manibus
915 696 1138 790 anhelantes,
1158 699 1285 776 exinde

229 813 511 911 indignationem
526 813 694 887 adversus
707 815 823 914 ipsum
840 813 1029 886 dominum
1043 814 1210 888 Carolum
1233 833 1286 890 to·

229 942 373 1026 tamque
386 929 536 1027 patriam
554 931 779 1002 Normanniae
791 931 1005 1004 contraxisse
1017 945 1053 1004 et
1064 935 1283 1031 concepisse.

232 1046 351 1136 Unde,
370 1071 454 1118 cum
469 1048 506 1118 in
523 1047 641 1145 vigilia
664 1072 727 1120 seu
752 1046 840 1120 sesto
859 1045 916 1118 die
938 1052 1050 1120 Beatae
1071 1047 1287 1122 Catharinae¹

229 1163 449 1262 promisisset
472 1162 610 1235 civibus
640 1163 724 1262 ipsis
749 1163 919 1236 dominus
943 1163 1090 1236 Carolus
1116 1165 1154 1236 in
1174 1165 1288 1264 ipsam

227 1276 355 1350 {arbem
375 1277 635 1374 Rothomagum
653 1280 801 1352 introire
823 1280 931 1378 idque
953 1279 1002 1350 ita
1018 1277 1177 1352 suturam
1194 1281 1288 1353 cives

228 1395 416 1493 caeterique
452 1395 562 1467 totius
599 1395 790 1495 provinciae
824 1395 1014 1495 primiores
1046 1394 1181 1494 absque
1214 1395 1288 1470 ullo

229 1510 469 1608 ambiguitatis
494 1513 662 1612 scrupulo
690 1527 956 1611 exspectarent,
990 1512 1230 1586 existimantes
1255 1531 1290 1588 et

188 1630 195 1641 '
228 1628 318 1700 nihil
350 1628 396 1701 de
427 1629 607 1702 contrario
640 1628 814 1702 ullatenus
850 1630 1042 1728 suspicati,
1074 1629 1173 1727 quod
1207 1655 1290 1704 cum

228 1746 329 1817 omni
352 1744 602 1818 benevolentia
629 1746 704 1844 ipse
727 1747 911 1818 Britonum
931 1745 1021 1836 dux,
1042 1745 1144 1842 cujus
1162 1771 1290 1844 magna

229 1887 311 1961 pars
325 1863 511 1960 copiarum
520 1862 595 1958 J'arn
612 1885 677 1959 per
693 1863 813 1961 plures
828 1862 905 1935 dies
921 1863 957 1934 in
973 1863 1114 1936 civitate
1130 1877 1287 1957 steterat,

230 2003 313 2051 cum
325 1979 397 2050 suis
407 1977 568 2075 jucunde
581 1992 616 2050 et
630 1977 752 2052 festive
768 1978 887 2077 ipsum
902 1967 1092 2050 dominnm
1104 1978 1287 2074 Carolum,

227 2094 263 2167 in
295 2093 392 2166 dicto
418 2119 484 2165 suo
510 2093 673 2191 jucundo
698 2098 877 2191 ingressu,
907 2094 1156 2166 consociarent
1184 2109 1290 2194 atque

228 2209 465 2303 honorarent,
498 2210 663 2282 inimicus
697 2209 842 2302 horno’,
875 2210 1161 2307 superseminans
1194 2209 1289 2283 dilli-

226 2327 430 2400 dentiarum
451 2351 492 2400 ac
518 2327 737 2401 simultatum
755 2327 909 2418 zizania,
936 2351 1044 2399 omne
1063 2328 1224 2400 amicitiae
1248 2353 1289 2402 ac

226 2441 497 2534 benevolentiae,
516 2444 616 2541 quod
629 2443 800 2516 hactenus
817 2442 923 2515 luisse
934 2443 1027 2515 inter
1041 2443 1185 2517 eosdem
1200 2445 1289 2516 exis·

226 2555 343 2627 timari
358 2570 511 2655 poterat,
530 2553 646 2627 soedus
664 2553 805 2651 abrupit
821 2576 862 2625 ac
878 2551 1053 2624 dissolvit.

273 2677 444 2766 Quaeres,
463 2670 731 2771 proculdubio,
749 2668 853 2742 valde
871 2667 1023 2742 inlausta
1043 2671 1282 2762 Normanniae,

224 2791 338 2889 ipsam
370 2790 507 2888 magnis
535 2804 571 2861 et
597 2787 683 2861 diris
711 2784 970 2860 calamitatibus
1001 2786 1162 2860 involvit.
1196 2794 1284 2863 Nam

224 2907 419 3004 praestituto
432 2905 503 2999 die,
522 2929 595 3004 quo
611 2904 696 2976 novi
711 2904 812 2976 ducis
824 2903 861 2974 in
876 2901 1002 2975 urbem
1016 2903 1285 3002 prestolabatur

223 3023 421 3119 ingressus,
450 3021 543 3095 lama
562 3021 695 3095 civium
718 3044 821 3094 aures
843 3017 1001 3119 implevit
1022 3018 1083 3116 (et
1099 3044 1165 3118 pro
1184 3036 1283 3094 certo

222 3142 273 3214 ita
288 3140 394 3214 luisse
410 3155 463 3214 est
476 3137 666 3236 creditum)
682 3135 782 3236 quod
799 3136 872 3207 dux
889 3134 964 3233 ipse
981 3133 1180 3227 Britonum,
1197 3161 1280 3210 cum

221 3255 484 3349 suis,eumdem
495 3254 625 3327 ducem
640 3276 776 3325 novum
787 3250 834 3324 ad
846 3273 965 3346 regem
976 3249 1107 3324 ducere
1119 3252 1276 3348 volebat3

222 3373 450 3472 facturusque
465 3370 539 3444 'hoc
557 3369 677 3442 luisset
692 3367 854 3465 proxima
872 3379 991 3459 nocte,
1012 3366 1043 3437 si
1059 3365 1189 3464 (prout
1206 3395 1278 3444 rna·

221 3514 378 3590 gnopere
401 3499 550 3560 conatus
571 3499 624 3556 est
646 3507 709 3582 per
735 3497 852 3555 totum
874 3481 974 3554 illum
999 3480 1119 3578 diem)
1143 3484 1276 3582 ingres.

219 3631 301 3678 sum
327 3630 431 3678 sunm
458 3601 600 3676 dillerre
627 3599 811 3698 potuisset.
845 3597 916 3670 Nec
940 3619 1032 3666 vana
1057 3597 1191 3696 quippe
1215 3617 1277 3674 aut

219 3723 307 3796 levis
328 3739 363 3795 et
385 3720 570 3794 temeraria
584 3743 625 3790 ea
642 3713 773 3788 volavit
797 3711 891 3785 lama
911 3739 918 3782 ε
939 3735 1023 3782 nam
1050 3711 1088 3783 id
1110 3713 1177 3785 sibi
1199 3741 1273 3792 non

220 3837 420 3910 inconsulte
438 3852 599 3910 metuens
613 3835 688 3933 ipse
701 3853 816 3903 novus
833 3827 919 3919 dux,
938 3839 973 3898 ct
988 3826 1031 3898 ii'
1047 3853 1137 3926 quos
1151 3856 1272 3904 secum

219 3953 312 4027 fidos
323 3952 492 4062 habebat,
508 3951 683 4050 quosdam
700 3972 744 4020 ex
759 3944 899 4018 civitate
914 3943 1011 4015 viros
1021 3942 1139 4016 bonos
1154 3969 1273 4019 accer-

260 4138 289 4193 1.
313 4135 351 4194 25
365 4131 533 4194 novembre.

259 4225 288 4282 2.
310 4227 345 4283 Je
359 4221 434 4281 crois
447 4219 519 4299 qu'il
531 4220 591 4278 saut
602 4215 743 4295 corriger,
759 4219 894 4274 Inimicru
904 4213 1036 4286 hortinis,
1052 4209 1080 4270 le
1094 4207 1209 4276 de'rnon.

260 4315 287 4372 3.
310 4315 362 4370 Eis
376 4311 448 4371 dans
461 4313 488 4369 le
501 4329 554 4369 ms.

377 4439 405 4477 ιι
704 4407 707 4416 ’
1076 4409 1115 4465 tu
