3272 5182
541 535 652 594 LIBER
680 532 883 598 SECUNDUS.
1188 544 1246 600 195

231 675 323 742 Cum
342 682 463 744 autem
482 667 580 768 apud
597 668 767 746 eumdem
782 671 939 769 legatum
956 672 1242 768 succubuissent,

182 798 218 859 et
235 784 448 858 sententiam
467 784 657 858 adversam
676 793 945 886 reportassent¹,
969 812 1049 862 eam
1067 789 1115 862 ad
1133 792 1247 887 majus

182 901 339 975 tribunal
361 901 566 1000 (sperantes
588 900 721 978 debere
745 903 782 975 in
805 902 932 976 melius
950 905 1175 1005 reformari),
1194 933 1248 982 se-

183 1019 266 1092 dem
289 1020 404 1118 ipsam
426 1019 663 1118 apostolicam
683 1035 928 1118 provocarunt
948 1036 984 1094 et
1008 1023 1246 1121 appellarunt.
1319 1099 1326 1118 ,

184 1133 237 1208 td
264 1135 365 1232 cujus
393 1135 551 1209 tribunal
583 1136 763 1227 sistentes,
787 1137 966 1210 renovatis
987 1150 1095 1233 atque
1116 1139 1250 1216 iteratis

179 1251 410 1349 judicialibus
421 1241 650 1326 cautionibus
663 1267 771 1350 atque
781 1251 1081 1328 submissionibus
1090 1256 1250 1354 primum

184 1369 281 1469 apud
296 1371 476 1443 Treverim
492 1370 668 1470 praestitis,
688 1371 1087 1471 suamappellationem
1105 1373 1168 1447 diu
1185 1400 1251 1475 per
1280 1379 1286 1392 '

184 1484 370 1584 syndicos,
400 1485 618 1562 sufficienter
644 1498 681 1558 et
708 1484 825 1559 valide
853 1486 1040 1582 fundatos,
1071 1492 1252 1588 prosecuti

184 1617 281 1675 sunt.
308 1607 347 1674 ln
376 1628 448 1701 qua
469 1602 722 1705 prosequenda
747 1627 833 1675 cum
853 1603 1012 1701 plenarie
1032 1605 1146 1679 auditi
1167 1607 1253 1680 suis·

185 1733 281 1810 sent,
300 1734 336 1792 et
352 1720 553 1810 dilatorias,
573 1733 647 1792 tam
666 1717 892 1818 probatorias
910 1725 1020 1818 quam
1037 1721 1141 1816 alias,
1163 1747 1254 1822 quas

181 1834 271 1933 juris
292 1836 384 1909 ordo
401 1835 622 1937 expostulat,
645 1834 791 1908 abunde
812 1851 848 1908 et
870 1835 1089 1911 sufficienter
1106 1838 1253 1915 habuis-

184 1962 284 2040 sent,
312 1949 461 2022 tandem
484 1973 592 2022 causa
614 1947 663 2021 ad
684 1947 862 2020 calculum
884 1949 1038 2024 lerendae
1057 1950 1254 2038 diffinitive
1313 1963 1318 1982 '

184 2066 378 2164 perducta,
398 2066 520 2140 denuo
538 2066 646 2140 etiarn
662 2065 1017 2160 condemnatoriam,
1038 2079 1073 2141 et
1090 2067 1255 2142 decreto—

186 2207 266 2254 rum
283 2182 382 2281 prius
396 2208 461 2284 per
473 2182 630 2280 legatum
646 2181 746 2282 apud
758 2185 939 2257 Treverim
957 2182 1147 2284 [latorum]
1168 2212 1256 2259 con·

187 2297 420 2373 firmatorium
437 2301 652 2374 sententiam
668 2315 900 2400 reportarunt
916 2328 925 2372 ε
941 2301 1013 2379 hoc
1031 2302 1098 2375 sibi
1115 2329 1255 2403 suoque
1341 2329 1343 2336 ’

186 2415 348 2515 pontifici
366 2416 508 2492 honore
528 2416 706 2508 exhibito,
730 2417 848 2514 quod,
871 2423 1033 2518 non'per
1053 2418 1253 2518 delegatos,

187 2532 250 2604 sed
267 2558 331 2633 per
349 2533 580 2632 semetipsum
596 2557 757 2604 summus
774 2533 935 2632 pontifex
952 2535 1101 2607 Paulus'
1116 2549 1256 2609 senten·

186 2646 274 2722 tiam
290 2649 532 2750 promulgavit
547 2663 655 2747 atque
671 2649 863 2748 exscripto
880 2651 1067 2724 recitavit⁸.
1155 2681 1160 2690 ·

235 2768 328 2839 Cum
350 2792 437 2841 vero
463 2764 715 2867 postmodum,
742 2779 781 2836 ut
796 2765 855 2838 ‘rei
879 2781 1046 2863 parerent
1068 2764 1252 2863 judicatae,

183 2886 337 2985 juridice
360 2886 489 2984 saepius
503 2884 716 2981 vicibusque
738 2881 947 2956 multotiens
973 2879 1131 2985 repetitis
1159 2899 1256 2958 cotn-

187 3003 316 3076 moniti
326 2981 561 3094 exstitissent,
581 3013 655 3074 tam
673 3015 878 3098 protervos,
898 3014 1130 3074 contumaces
1148 3014 1255 3097 atque

188 3118 364 3222 superbos
392 3119 503 3218 ipsius
533 3139 709 3216 supremae
740 3131 776 3190 et
812 3116 1016 3216 apostolicae
1045 3116 1141 3191 sedis
1179 3142 1255 3190 sese

188 3236 382 3310 exhibuere
399 3249 677 3334 contemptores,
697 3248 737 3306 ut
752 3231 885 3307 nullius
899 3257 1058 3306 censurae
1071 3231 1255 3306 ecclesias·

188 3353 266 3426 titae
285 3365 400 3442 metu,
420 3352 552 3422 nullius
571 3374 703 3448 poenae,
722 3347 856 3422 nullius
872 3349 1165 3423 comminationis
1182 3349 1254 3422 lor-

188 3469 337 3562 midine,
354 3491 514 3566 unquam
527 3489 652 3564 parere
664 3465 860 3558 voluerint;
877 3465 995 3538 donec
1008 3463 1055 3538 ad
1070 3464 1251 3560 ultimum,

189 3585 357 3658 omnibus
370 3584 572 3656 christianis
585 3581 807 3681 principibus
820 3597 855 3654 et
867 3582 1074 3681 potentibus
1088 3585 1251 3683 expositi,

188 3706 270 3803 igne
282 3701 430 3777 tandem
440 3715 548 3800 atque
561 3699 654 3774 lerro
667 3699 842 3800 populati,
860 3698 907 3771 ad
919 3701 988 3773 tale
1001 3699 1252 3775 exterminium

188 3847 226 3896 sc
242 3836 277 3894 et
294 3820 445 3918 patriam
463 3843 564 3890 suam
581 3817 838 3919 perduxerunt.

238 3941 317 4010 Non
339 3934 454 4008 resero
474 3933 877 4023 excommunicationes,
896 3934 1179 4032 aggravationes,
1198 3958 1254 4006 re-

230 4135 259 4191 l.
282 4130 321 4188 ¹0
338 4079 502 4206 septembre
516 4127 603 4186 tttt.

230 4225 259 4279 2.
282 4223 323 4280 Le
337 4236 412 4300 pape
426 4215 497 4275 Paul
512 4219 552 4275 Π.

231 4313 259 4370 3.
280 4314 322 4369 Le
338 4311 377 4367 23
394 4303 650 4396 decembrcllbd.
764 4337 773 4356 .
