3282 5168
372 535 429 592 sar
642 533 897 593 msronrsnuu
917 521 1094 591 Lonorius
1114 534 1157 589 xi

370 679 491 756 verat,
512 663 706 756 conficere,
733 679 768 736 et
791 687 880 762 quas
898 686 1021 736 secum
1038 659 1195 734 habebat
1218 662 1342 760 copias
1367 662 1431 736 illo

369 780 557 856 traducere
569 781 755 881 potuisset,
774 781 881 854 etiam
895 806 939 853 ex
951 777 1170 876 Burgundia,
1186 779 1248 851 ubi
1265 803 1432 877 magnam

325 935 329 944 ι
369 895 524 970 habebat
538 912 677 996 partem
693 898 879 995 copiarum
896 921 1058 984 suarum,
1073 894 1218 992 aggredi
1230 910 1342 969 terras
1356 896 1433 970 illas

371 1011 524 1107 Aisatiae,
547 1026 583 1085 et
598 1015 647 1086 ita
662 1038 682 1086 a
699 1013 848 1086 diversis
865 1037 1047 1110 aggressus
1068 1011 1247 1110 partibus,
1267 1011 1369 1085 facile
1393 1013 1433 1084 in

369 1153 472 1205 suam
490 1153 549 1203 eas
570 1130 731 1226 redigere
753 1129 943 1202 ditionem.
965 1126 1039 1200 Sed·
1060 1153 1170 1226 quam
1192 1127 1298 1225 longe
1314 1129 1429 1220 aliter,

369 1265 412 1319 ac
427 1245 661 1318 aestimaverat
671 1245 775 1339 eique
789 1268 810 1315 a
822 1243 919 1318 dicto
933 1243 1204 1340 archiepiscopo
1222 1242 1336 1315 fuerat
1348 1267 1434 1340 sug·

317 1445 319 1453 ,
370 1374 528 1456 gestum,
548 1385 605 1453 res
621 1361 872 1459 prouenerint,
891 1383 935 1432 ex
948 1359 1004 1432 his
1021 1383 1100 1456 quae
1116 1357 1432 1458 referemusappa·

371 1476 487 1548 rebit:
508 1490 549 1548 ut
564 1476 873 1575 quemadmodum
895 1500 988 1574 saepe
1011 1491 1047 1548 ct
1070 1475 1105 1548 in
1130 1474 1270 1567 multis,
1295 1491 1373 1548 tum
1393 1477 1430 1548 in

369 1591 440 1672 hoc
456 1576 588 1666 eventu
603 1618 729 1665 verum
744 1617 820 1665 esse
836 1605 972 1690 pateat,
990 1588 1093 1688 quod
1113 1613 1214 1662 sacer
1230 1589 1325 1662 canit
1338 1591 1433 1690 psai-

318 1709 321 1716 ’
370 1735 450 1782 mus
463 1737 471 1782 :
486 1740 504 1784 u
517 1712 700 1799 Quoniam
712 1711 890 1782 Dominus
907 1708 1055 1806 dissipat
1066 1706 1303 1802 cogitationes
1317 1732 1434 1806 popu·

370 1827 488 1900 lorum
504 1841 540 1900 et
555 1825 726 1925 reprobat
742 1824 892 1898 consilia
908 1823 1125 1923 principum.
1149 1852 1167 1888 n
1194 1823 1197 1829 ”

418 1948 510 2018 Cum
541 1945 655 2033 enim,
684 1967 806 2015 mense
834 1940 943 2038 julio,
966 1941 1004 2012 in
1033 1938 1126 2035 agris
1150 1937 1433 2034 Trajectensibus

366 2061 467 2157 juxta
483 2060 618 2130 flumen
637 2063 757 2130 Mosae'
775 2058 899 2157 copias
923 2078 1005 2128 suas
1028 2054 1217 2150 coegisset,
1240 2052 1433 2151 fuissetque

370 2189 661 2266 castrametatus,
680 2176 800 2249 statim
816 2191 911 2274 post,
932 2174 980 2247 ad
998 2169 1239 2245 obsidendum
1256 2170 1432 2270 oppidum

370 2293 539 2381 Nussiaei,
558 2312 666 2391 supra
686 2293 802 2392 ripam
829 2291 943 2388 Rheni
968 2288 1145 2378 fluminis,
1164 2301 1281 2359 castra
1305 2285 1432 2359 admo·

368 2413 436 2502 vit,
452 2411 569 2510 ipsum
582 2409 759 2510 oppidum
778 2410 916 2506 magnis
930 2407 1084 2479 militum
1102 2403 1321 2500 agminibus,
1339 2417 1434 2476 terra

370 2527 603 2625 flumineque,
620 2551 663 2598 ex
679 2526 835 2625 quadam
851 2523 1036 2621 adjacente
1049 2520 1177 2614 insula,
1197 2519 1308 2592 cinxit
1323 2535 1433 2615 atque

371 2643 560 2718 obsidione
579 2641 735 2716 vallavit.
754 2642 902 2713 Circiter
922 2653 1043 2712 autem
1062 2662 1209 2710 emenso
1231 2650 1313 2710 ante
1330 2635 1433 2710 bien·

360 2759 452 2847 ¹nio,
470 2757 722 2855 hujuscemodi
740 2756 934 2856 oppidum,
958 2751 1058 2853 quod
1075 2766 1130 2826 est
1148 2752 1194 2824 de
1213 2752 1432 2851 patrimonio

370 2864 697 2974 archiepiscopatus
719 2871 959 2961 Coloniensis,
978 2883 1127 2970 propter
1148 2866 1325 2964 quasdam
1349 2867 1434 2940 satis

371 3013 478 3063 saevas
496 2990 717 3063 exactiones⁸
741 2989 887 3087 quasin
909 2988 1003 3061 cives
1025 2985 1098 3058 loci
1124 2998 1160 3056 et
1177 2981 1353 3083 oppidum
1375 3005 1432 3054 ar-

370 3105 620 3207 chiepiscopus
644 3107 779 3199 facere,
807 3120 846 3178 ut
868 3105 976 3201 vulgo
1000 3102 1193 3195 ferebatur,
1218 3115 1429 3188 attentarat,

370 3225 438 3323 ipsi
454 3226 547 3297 cives
561 3224 696 3323 abipso
712 3223 864 3296 domino
878 3249 944 3296 suo
962 3223 1184 3312 defecerant,
1204 3235 1328 3317 atque,
1348 3217 1433 3294 obe·

370 3338 505 3412 dientia
520 3339 589 3414 sibi
610 3337 806 3426 subtracta,
824 3363 900 3411 sese
916 3339 954 3411 in
966 3338 1172 3412 'libertatem
1188 3335 1429 3427 uindicarant,

371 3469 406 3528 et
418 3455 704 3528 confoederarent
729 3455 885 3554 capitulo
897 3448 1122 3528 'Coloniensis
1138 3452 1314 3543 ecciesiae,
1330 3450 1431 3550 quod

370 3572 566 3646 simultates
581 3597 705 3672 graves
722 3572 892 3646 adversus
908 3595 1014 3646 suum
1031 3571 1341 3671 archiepiscopum
1359 3567 1432 3644 ob-

412 3853 441 3908 1.
466 3851 521 3905 Les
536 3844 673 3904 environs
686 3842 956 3918 deMaestrichtou,
967 3859 1081 3900 comme
1095 3859 1133 3900 on
1148 3840 1234 3899 discit
1246 3859 1282 3900 en
1295 3841 1431 3920 franpais,

372 3938 408 3998 de
421 3937 695 4012 frent-surdieuse.
713 3938 754 3993 Ie
768 3933 823 3992 duc
843 3933 940 3994 arrivs
959 3932 1031 3990 dans
1047 3943 1121 3990 cette
1141 3927 1211 3990 ville
1227 3928 1255 3988 le
1270 3931 1315 3990 1³*
1324 3931 1430 4005 juillet.

370 4026 491 4107 Lengiet
503 4025 680 4100 Dufresnoy,
698 4024 863 4093 commines,
878 4037 899 4082 t.
913 4025 962 4104 11,
973 4041 1003 4100 p.
1019 4019 1088 4079 213.

411 4121 439 4180 Ξ.
464 4121 569 4191 Nenss,
585 4114 760 4174 au-dessou's
776 4112 812 4172 de
826 4113 968 4193 Cologne,
987 4109 1173 4184 aujourd'hui
1185 4109 1257 4169 dans
1271 4109 1299 4169 ie
1322 4108 1432 4168 district

371 4206 408 4266 de
421 4204 594 4266 Dusseidorf
603 4207 718 4278 (Prusse
732 4201 882 4277 rhenano).

412 4299 440 4356 3.
464 4297 666 4354 Excusationes
677 4291 748 4352 dans
759 4292 787 4354 ie
802 4309 856 4348 ms.
