3322 5172
604 521 713 576 nean
732 519 903 591 Qumrus.
1224 520 1281 575 na

229 650 389 724 sufficere
404 663 549 749 possent
565 650 671 740 illius,
681 674 754 746 quo
771 650 821 720 eis
838 649 1076 720 necessarium
1092 649 1204 721 fuerat
1222 647 1283 722 ali-

228 781 389 839 mentum
408 764 584 865 [solverel.
604 765 672 837 Sed
690 765 786 837 etde
803 765 943 836 delectu
967 764 1153 837 solutionis
1175 781 1283 838 statu-

227 883 613 981 torumstipendiorum
624 907 748 954 omnes
758 882 830 953 lere
841 882 1081 979 querimonias
1091 881 1277 956 faciebant.

277 997 469 1070 Exstabant
480 997 1277 1095 pecuniaeapudLuxemburgum,adducenta,

228 1128 267 1186 ut
280 1112 388 1208 vulgo
406 1112 596 1202 serebatur,
614 1113 723 1185 millia
736 1126 918 1184 scutorum
931 1113 1112 1210 auri,'quae
1128 1112 1189 1183 illo
1206 1115 1281 1212 ipse

217 1227 299 1300 dux
316 1229 612 1326 Burgundionum
629 1228 758 1299 advehi
775 1243 998 1327 procurarat,
1018 1243 1055 1300 ut
1072 1229 1118 1302 ad
1133 1255 1280 1301 suorum

227 1344 379 1416 militum
397 1345 574 1445 stipendia
587 1359 828 1440 erogarentur.
849 1349 961 1415 Porro
978 1345 1064 1442 quia
1080 1345 1226 1417 ulterius
1240 1370 1282 1418 ea

227 1476 366 1532 vectare
386 1459 722 1559 periculosissimum
744 1475 835 1546 erat,
857 1475 1002 1558 propter
1020 1460 1177 1532 hostium
1193 1487 1282 1560 quo·

227 1575 380 1647 tidianos
399 1599 582 1666 excursus,
605 1574 667 1671 qui
685 1575 759 1645 vias
778 1587 883 1671 atque
905 1575 1030 1645 itinera
1046 1575 1170 1647 dietim
1188 1577 1282 1650 obsi·
1323 1641 1324 1644 ,

226 1689 360 1762 debant
378 1706 413 1763 et
429 1689 680 1782 excursabant,
703 1689 834 1787 quibus
854 1712 1035 1761 annonam
1053 1691 1098 1762 ad
1120 1697 1281 1788 Burgun-

226 1805 377 1877 dionum
401 1821 515 1879 castra
540 1805 645 1905 posse
668 1805 797 1878 deduci
821 1805 1027 1904 putabatur,
1054 1807 1143 1895 illic,
1173 1833 1219 1879 ne
1243 1811 1280 1880 in

225 1919 383 1994 hostium
398 1948 526 1995 manus
539 1922 779 2020 pervenirent,
797 1921 1012 2020 absquehoc
1025 1922 1124 2019 quod
1139 1923 1202 2014 eis,
1219 1925 1280 2022 qui

225 2038 261 2109 in
279 2041 400 2112 castris
416 2055 529 2132 erant,
550 2041 677 2112 solatio
694 2041 830 2131 fierent,
849 2056 1107 2111 remanserunt.

274 2161 475 2232 Potuisseut
492 2183 576 2231 sane
590 2158 743 2256 plurima
758 2157 805 2230 ad
821 2173 935 2230 castra
951 2158 1052 2231 ducis
1070 2156 1281 2254 Burgundiae

224 2272 391 2349 alimenta
405 2277 547 2370 delerri,
565 2291 603 2348 ut
616 2303 659 2348 ex
673 2275 869 2372 Campania
882 2289 917 2346 et
934 2300 976 2346 ex
991 2289 1086 2346 terra
1100 2276 1279 2365 Barrcnsi3

223 2391 286 2461 sed
301 2397 520 2464 Francorum
532 2419 591 2464 rex
604 2373 742 2491 parssm
754 2389 919 2485 magnam
936 2413 1080 2462 suarum
1095 2391 1281 2488 copiarum

224 2504 295 2578 illic
308 2507 556 2600 collocaverat,
574 2535 685 2605 usque
700 2508 746 2580 ad
761 2506 857 2579 mille
870 2521 905 2578 et
917 2508 1126 2604 quingentas
1136 2507 1281 2579 'lanceas

224 2622 279 2694 vel
298 2625 460 2723 amplius.
481 2627 568 2714 Qui,
589 2626 671 2722 quia
688 2623 864 2697 alimentis
880 2637 915 2694 et
933 2621 1144 2693 victualibus
1161 2622 1280 2719 patriae

223 2739 443 2838 indigebant,
460 2741 717 2840 impedimento
732 2741 814 2812 satis
826 2753 927 2810 erant
940 2763 985 2808 ne
999 2738 1046 2810 ad
1059 2738 1281 2832 Burgundio·

223 2874 441 2931 numcastra
458 2859 569 2956 trajici
584 2883 643 2930 seu
662 2856 791 2928 devehi
806 2856 1015 2954 potuissent.
1036 2858 1145 2926 Erant
1161 2870 1279 2926 autem

222 2968 260 3043 bi
284 2976 419 3070 equites
434 2977 543 3071 regis,
562 2973 615 3044 uti
631 2971 790 3065 aiebant,
814 2996 834 3043 a
852 2973 1070 3042 Francorum
1090 2967 1158 3042 rit'u
1180 2995 1279 3042 com-

226 3087 327 3160 muni
350 3091 495 3188 prorsus
521 3090 699 3162 disserenti
724 3100 830 3185 atque
853 3088 969 3160 alieno
991 3087 1123 3176 vestiti,
1143 3101 1182 3158 ut
1205 3087 1281 3183 pri-

224 3204 337 3274 miore
358 3222 503 3303 aspectu
528 3206 697 3279 Germani
724 3205 843 3304 potius
869 3229 932 3274 seu
953 3205 1151 3292 Suitenses,
1170 3226 1279 3300 quam

223 3318 314 3398 Galli
336 3321 408 3391 sive
425 3323 567 3411 Franci,
592 3323 709 3420 putari
726 3321 939 3419 potuissent;
962 3334 997 3390 et
1013 3319 1078 3411 ibi,
1100 3320 1194 3390 circa
1210 3323 1279 3390 Lo-

223 3434 405 3531 tbaringiae
421 3434 510 3505 fines
527 3437 727 3526 constituti,
749 3436 848 3531 quasi
864 3460 983 3507 rerum
999 3448 1182 3528 eventum,
1202 3460 1280 3532 quae

222 3552 316 3624 circa
331 3551 601 3646 Burgundiones
616 3553 858 3648 provenirent,
878 3551 1061 3650 explorare
1078 3566 1184 3650 atque
1198 3577 1279 3624 aus-

222 3670 333 3769 picari
355 3666 582 3740 videbantur.
608 3667 679 3763 Ipsi
703 3668 800 3737 enim
823 3667 904 3739 satis
927 3669 1014 3738 certi
1038 3683 1156 3756 erant,
1179 3666 1279 3763 quod

222 3784 295 3857 dux
318 3783 570 3879 Lotlraringiae,
598 3783 716 3880 quiin
742 3784 969 3856 Germaniam
986 3785 1165 3883 profectus
1184 3797 1275 3874 erat,

221 3928 306 3976 cum
327 3903 464 3999 maguis
485 3891 700 3972 Suitensium
724 3915 829 3999 atque
848 3903 1125 3975 alemannorum
1145 3903 1274 4001 copiis,

221 4017 268 4090 ad
283 4017 567 4117 oppugnandum
584 4016 810 4089 obsidionem
826 4019 1017 4090 adventare
1033 4018 1195 4109 deberet;
1216 4043 1277 4089 cu-

220 4135 276 4231 jus
294 4137 344 4205 rei
362 4136 427 4233 ipsi
446 4117 740 4231 prestolabantur
757 4148 924 4205 eventum
942 4150 1048 4231 atque
1067 4135 1211 4206 exitum.
