3402 5186
363 478 400 534 tt
632 475 891 535 nlstottttuntt
910 477 1090 537 Lttnov1c1
1109 479 1153 535 XI

361 606 541 682 ablatione
557 632 640 680 eum
655 605 835 678 retrahere
851 606 959 680 bonis
978 623 1014 680 et
1029 607 1232 682 salubribus
1249 612 1424 684 monitio·

362 721 468 796 nibus
488 738 717 796 conarentur.
741 726 838 810 Quas
853 723 908 795 ita
932 749 1044 822 parvo
1064 726 1250 797 aestimavit
1272 741 1313 798 ut
1333 727 1424 798 nihil

363 862 526 938 prorsus,
555 839 623 910 nisi
647 838 693 910 de
717 861 781 911 sua
806 838 1031 937 exsequenda
1056 839 1272 938 cupiditate,
1298 865 1424 914 curare

364 956 573 1030 videretur¹.
601 961 655 1027 tln
680 977 768 1027 vero
794 956 1028 1053 postmodum
1043 955 1220 1028 eamdem
1245 981 1425 1030 summam

280 1103 286 1120 ·
362 1075 566 1165 restituerit,
587 1071 694 1145 nobis
711 1096 784 1143 non
804 1072 886 1142 satis
905 1087 957 1143 est
973 1088 1200 1170 compertum
1210 1076 1233 1146 ¹.
1256 1077 1334 1146 Hoc
1355 1075 1424 1147 sci·

363 1215 442 1262 mus
464 1187 582 1286 quod,
602 1186 685 1259 licet
702 1212 724 1259 a
743 1186 874 1285 quibus
894 1203 1018 1259 mutua
1038 1187 1274 1287 exposcebat,
1298 1189 1425 1262 eadem

361 1304 519 1400 legaliter
541 1303 591 1375 eis
611 1303 762 1375 reddere
788 1302 1035 1401 polliceretur,
1064 1303 1281 1402 quibusdam
1304 1319 1424 1378 tamen
1512 1307 1516 1320 ‘

362 1419 475 1513 nibil,
500 1419 577 1490 aliis
595 1442 681 1491 vero
702 1441 790 1520 cnm
816 1416 1056 1492 diminutione
1085 1434 1121 1491 et
1137 1419 1275 1490 soenore
1301 1443 1425 1492 everso

362 1534 469 1608 fuisse
487 1536 660 1608 restituta.

302 1684 304 1691 ·
412 1651 483 1724 Sed
499 1676 545 1722 ne
562 1651 719 1722 fructum
736 1651 792 1722 sui
809 1664 896 1724 tunc
911 1650 959 1723 ad
980 1651 1113 1746 regiam
1133 1675 1236 1723 suam
1252 1650 1428 1725 adventus

365 1768 419 1841 vel
442 1767 624 1838 occultare
647 1767 704 1837 vel
734 1765 895 1862 neglectu
924 1767 1103 1864 praeterire
1127 1767 1333 1859 videamur,
1361 1791 1427 1866 pro

366 1881 617 1954 reformatione
632 1880 774 1975 justitiae
790 1880 864 1952 duo
886 1881 938 1953 ibi
962 1881 1077 1953 edicta
1091 1907 1199 1973 nova,
1214 1898 1250 1954 et
1264 1883 1429 1982 perprius

365 1999 401 2068 in
414 2019 525 2090 regno
539 1996 685 2066 minime
697 1996 833 2080 audita,
847 1996 960 2069 edidit
968 2011 1003 2069 et
1013 1998 1188 2096 publicari
1199 1998 1298 2070 fecit:
1316 2023 1429 2079 unum

337 2125 458 2210 'quo,
486 2110 553 2184 sub
577 2135 687 2210 poena
706 2111 971 2185 confiscationis
998 2116 1161 2212 corporis
1183 2129 1218 2186 et
1246 2114 1430 2186 bonorum

368 2227 452 2323 (tati
473 2229 569 2299 enim
589 2252 696 2325 poena
712 2228 923 2325 quotidiana
940 2255 1003 2301 sua
1020 2230 1189 2302 mandata
1205 2229 1428 2326 sanciebat),

367 2342 596 2415 inhibebatur
608 2343 776 2415 omnibus
793 2344 995 2440 regnicolis,
1009 2346 1267 2443 cujuscumque
1284 2346 1427 2444 gradus,

367 2475 480 2533 status
498 2476 560 2533 aut
576 2460 793 2535 conditionis
808 2462 1034 2553 exsisterent,
1051 2477 1159 2560 atque
1184 2462 1293 2536 etiam
1314 2464 1433 2536 nomi·

408 2714 436 2769 t.
463 2737 477 2764 α
491 2713 569 2770 Vous
587 2711 778 2773 mandens...
800 2729 859 2786 que
877 2729 952 2768 vous
968 2728 1042 2769 vous
1065 2709 1256 2789 transponiez
1277 2727 1314 2768 en
1334 2722 1433 2770 nostre

273 2823 276 2830 ⁴
367 2821 439 2860 conr
448 2799 485 2861 de
493 2801 669 2871 Parlement‚
681 2813 709 2859 et
718 2799 795 2873 illec,
807 2810 900 2857 tontes
910 2797 952 2857 les
963 2798 1115 2864 chambres
1125 2797 1239 2858 d'icelle
1248 2794 1432 2874 assemblees,
1494 2841 1497 2846 ,

316 2923 318 2928 ·
367 2891 555 2951 remonstriez
577 2889 720 2949 nosdictes
736 2886 892 2949 necessites
908 2899 937 2945 et
952 2888 1087 2963 allaires,
1103 2900 1132 2948 et
1151 2888 1194 2948 les
1205 2907 1292 2968 grans
1313 2887 1391 2948 desir
1406 2901 1436 2948 et

366 2979 502 3040 affection
523 2999 579 3057 que
601 2997 694 3036 avons
717 2976 754 3036 de
775 2996 934 3036 recouvrer
953 2979 1070 3038 lesdites
1090 2991 1199 3052 terres;
1218 2991 1247 3037 et
1265 2979 1333 3057 qu'd
1349 2997 1382 3038 ce
1398 2998 1435 3037 ne

367 3069 524 3149 pourrions
547 3067 660 3125 soumir
677 3085 743 3124 sans
766 3065 893 3144 prendre
914 3066 1046 3127 lesdictes
1069 3087 1194 3128 sommes
1216 3067 1387 3146 consignees
1408 3079 1437 3126 et

370 3157 510 3237 deposees
531 3169 592 3216 tant
609 3157 640 3214 es
656 3154 806 3214 mainsdu
827 3157 944 3235 greffier
964 3157 1000 3216 de
1019 3158 1108 3216 ladite
1130 3177 1213 3231 cour,
1231 3177 1290 3234 qne
1310 3156 1437 3216 d’autres

367 3267 527 3327 personnes
537 3271 545 3321 ;
556 3246 634 3306 etles
644 3245 909 3324 exiturumque...
920 3245 958 3305 ila
970 3246 1107 3305 reuillent
1115 3245 1262 3304 consentir
1271 3264 1329 3322 que
1339 3245 1438 3306 icellet

369 3356 532 3399 sommen..
548 3357 622 3396 nous
638 3337 729 3395 soient
742 3336 862 3397 baillees
876 3349 904 3397 et
916 3336 1071 3412 delivrees,
1087 3355 1124 3395 en
1136 3335 1201 3394 leur
1212 3335 1322 3394 ollrant
1334 3335 1371 3394 de
1383 3355 1438 3414 par

370 3445 460 3498 nous,
480 3445 556 3504 pour
569 3426 598 3484 la
611 3426 774 3486 restitution
788 3426 915 3486 d’irelles
934 3439 963 3486 et
983 3424 1075 3485 deles
1090 3439 1227 3486 remettre
1250 3428 1281 3485 es
1299 3426 1392 3484 mains
1410 3438 1439 3485 et

368 3515 448 3574 lieux
462 3519 502 3574 ob
515 3515 586 3575 elles
599 3529 665 3577 sont
680 3517 716 3575 de
731 3517 860 3596 present,
876 3529 955 3574 toute
970 3516 1037 3575 telle
1049 3517 1164 3575 senrete
1177 3515 1247 3593 qu'il
1264 3512 1439 3574 semblerae

368 3603 452 3665 icelle
473 3617 572 3664 nostre
591 3625 664 3666 cour
679 3617 755 3664 estre
776 3609 793 3664 b
815 3607 887 3666 laire
909 3617 937 3664 et
955 3603 1134 3664 eonvenable
1151 3623 1188 3661 en
1202 3616 1279 3664 ceste
1293 3602 1397 3680 partie.
1422 3631 1436 3658 ι

369 3695 560 3756 Commission
574 3697 688 3755 donnee
704 3716 758 3775 par
771 3696 858 3755 Louis
871 3699 927 3770 XI,
941 3696 969 3756 le
988 3697 1027 3756 25
1040 3698 1110 3754 notit
1124 3698 1214 3770 1463,
1233 3693 1354 3774 leuglct
1371 3698 1439 3753 Du-

370 3787 499 3862 l'resnoy,
517 3789 686 3860 Commium,
702 3799 723 3843 t.
741 3789 782 3858 11,
797 3807 828 3866 p.
845 3789 915 3846 395.
1149 3791 1152 3796 ’
1483 3852 1486 3862 ,

412 3877 439 3936 2.
464 3874 489 3933 ll
510 3876 601 3935 existe
624 3895 682 3934 une
701 3875 887 3934 commission
907 3869 1021 3933 donnes
1043 3893 1080 3935 en
1102 3877 1197 3933 meme
1218 3885 1311 3952 temps
1332 3892 1390 3953 que
1412 3874 1440 3933 la

371 3965 546 4046 precedente
569 3969 587 4025 e
607 3985 647 4025 nn
667 3985 807 4026 receveur
825 3966 865 4024 du
885 3965 1005 4042 Tresor,
1023 3969 1039 4024 'a
1058 3966 1110 4043 qui
1131 3964 1151 4023 il
1174 3977 1218 4024 est
1240 3963 1370 4039 enjoint‚
1388 3983 1442 4041 par

371 4056 480 4117 l'ordre
493 4057 521 4117 le
541 4057 607 4137 plus
628 4055 749 4125 absolu,
774 4053 955 4134 d’enrployer
973 4057 989 4113 e
1007 4054 1035 4114 la
1055 4053 1218 4114 restitution
1237 4053 1280 4113 les
1300 4052 1441 4133 premiere

373 4147 488 4208 deniers
506 4147 576 4227 qu'il
597 4165 748 4226 percevra.
769 4149 970 4206 Ordonuauces
985 4147 1036 4203 des
1054 4153 1111 4204 reis
1126 4148 1164 4203 de
1175 4149 1300 4218 France,
1318 4156 1339 4203 t.
1356 4145 1439 4216 xit,

372 4257 403 4316 p.
420 4241 469 4296 57.
