3282 5168
838 312 856 350 ὀ

549 588 859 661 murnoumrus.
1182 595 1239 650 aar

229 720 404 800 Mendetis
431 720 538 816 igitur
556 719 630 792 suis
659 717 902 815 imperialibus
924 720 970 793 ad
989 737 1126 796 'omnes
1150 725 1239 796 Ger·

179 840 307 912 maniae
332 837 512 925 civitates,
536 859 617 933 quae
634 834 741 932 vulgo
760 835 960 932 imperiales
982 837 1162 928 dicuntur,
1183 839 1237 912 di-

177 955 296 1043 rectis,
321 950 468 1050 singulis
483 951 673 1050 imperavit
696 965 736 1023 ut
761 966 899 1023 certum
916 973 1240 1028 numerumarma-

177 1085 299 1144 torum
317 1068 364 1143 ad
378 1066 632 1142 coloniensem
649 1066 791 1158 urbem,
807 1067 983 1168 praefinito
999 1071 1050 1142 eis
1063 1077 1254 1171 tempore,

178 1186 470 1260 transmitterent.
507 1183 697 1258 Accersivit
728 1198 765 1256 et
795 1184 915 1282 plures
949 1186 1241 1286 exprincipibus

177 1303 378 1377 Germauiae
391 1315 426 1373 et
442 1298 672 1394 ecclesiarum
688 1300 852 1397 praelatis,
869 1302 1055 1400 potissime
1069 1303 1240 1378 electores

177 1421 276 1494 Sacri
292 1418 457 1517 Imperii,
483 1430 523 1489 ut
546 1415 724 1508 cumbis,
751 1441 840 1514 quas
865 1420 1078 1494 contrahere
1095 1436 1242 1520 possent

177 1537 304 1636 copiis,
324 1534 485 1608 similiter
500 1533 615 1633 parati
631 1529 794 1606 adessent
812 1532 858 1606 ad
876 1526 1111 1610 constitutum
1128 1537 1238 1610 diem.

177 1656 262 1725 Erat
286 1668 363 1726 tum
387 1676 453 1752 per
477 1664 590 1723 totam
611 1651 860 1742 Germaniam,
885 1666 921 1724 et
955 1665 1052 1726 trans
1078 1653 1242 1728 Rhenum

176 1784 213 1842 et
228 1769 279 1840 cis
295 1767 460 1840 Rhenum
476 1791 541 1866 per
564 1791 690 1840 omnes
717 1762 828 1840 ferme
853 1768 1030 1860 civitates,
1047 1770 1183 1870 oppida
1208 1786 1244 1843 et

176 1883 301 1975 villas,
328 1886 454 1979 ingens
477 1881 645 1981 strepitus
667 1906 873 1974 armorum,
907 1885 1089 1982 multaque
1115 1884 1244 1958 verbo·

177 2025 259 2072 rum
287 2000 460 2097 jactantia
486 1997 533 2072 de
566 1999 911 2098 comprehendendo
945 2001 1242 2098 Burgundionum

177 2115 289 2213 duce,
309 2141 438 2214 quem,
458 2130 499 2188 ut
513 2101 624 2213 vulgo
644 2113 821 2208 serebant,
843 2139 972 2190 manus
993 2141 1075 2193 suas
1091 2118 1243 2194 evadere
1313 2177 1317 2182 .

176 2232 399 2332 impossibile
416 2232 520 2304 soret.

226 2348 297 2420 Sed
313 2350 389 2447 ipse
408 2348 643 2422 nihilominus
665 2348 701 2420 iu
718 2372 783 2421 sua
800 2348 974 2422 immotus
993 2348 1243 2447 perseverabat

177 2465 380 2557 obsidione,
399 2489 475 2538 sese
490 2466 597 2538 etiam
618 2463 664 2537 ad
681 2463 946 2563 excipiendum,
965 2467 995 2538 si
1010 2466 1243 2563 aggrederen-

177 2597 236 2659 tur
269 2607 353 2655 eum
380 2583 518 2673 hostes,
551 2582 739 2678 diligenter
770 2605 812 2653 ac
845 2580 995 2660 solerter
1022 2607 1238 2682 praeparans.

176 2698 378 2772 Currebant
400 2697 519 2772 adhuc
541 2698 636 2770 inter
660 2701 893 2770 Francorum.
907 2721 1028 2794 regem
1056 2714 1093 2772 et
1123 2701 1241 2799 ipsum

176 2830 322 2912 treugae,
347 2841 426 2914 quae
444 2820 541 2887 auno
561 2813 744 2910 superiore
762 2812 855 2884 inter
877 2838 939 2886 eos
965 2816 1062 2888 initae
1086 2815 1238 2909 lucrant,

177 2934 356 3008 duraturae
379 2955 493 3031 usque
518 2931 566 3006 ed
591 2929 699 3002 finem
722 2930 854 3002 mensis
877 2930 1028 3029 aprilis¹.
1055 2935 1164 3026 Quae,
1195 2958 1241 3006 ne

175 3065 457 3152 prorogarentur
471 3049 564 3120 inter
579 3071 657 3135 eos,
676 3059 750 3118 tota
765 3047 960 3118 Germania
977 3047 1132 3120 maxime
1145 3071 1241 3122 vere·

175 3167 296 3242 batur.
318 3165 423 3240 Unde
444 3165 518 3265 ipse
541 3165 736 3263 imperator
759 3160 902 3236 crebras
924 3187 993 3263 pro
1013 3187 1056 3236 ea
1073 3186 1111 3234 re
1130 3165 1240 3238 etalii

174 3283 376 3358 Germaniae
390 3281 570 3382 principes
585 3277 781 3374 legationes
801 3278 848 3352 ad
866 3282 1085 3352 Francorum
1102 3303 1235 3376 regem,

174 3413 211 3474 et
226 3401 305 3473 vice
320 3421 435 3488 versa,
453 3394 655 3483 mittebant,
675 3409 873 3491 satagentes
891 3411 929 3467 ut
945 3421 989 3468 ex
1005 3395 1145 3469 duabus
1159 3419 1239 3496 par-

175 3517 271 3592 tibus
286 3537 468 3614 aggressus
488 3511 783 3608 Burgundionum
795 3511 883 3607 dux,
900 3527 934 3584 et
950 3513 1060 3584 veluti
1075 3513 1236 3613 quodam

175 3633 287 3708 modo
304 3631 508 3716 conclusus,
527 3629 649 3730 plagas
673 3651 763 3726 quas
785 3629 817 3699 ei
840 3628 1053 3721 tendebant,
1078 3630 1236 3705 nullate-

173 3777 244 3824 nus
261 3763 382 3850 posset
399 3748 584 3846 eflugere¹.

215 3990 244 4047 t.
262 3985 342 4044 Cette
354 3983 448 4054 treve,
461 3980 559 4060 signes
568 3979 597 4044 lc
614 3981 651 4038 to
662 3977 727 4052 juin
740 3979 827 4050 ttvt,
837 3975 933 4036 devait
945 3975 1034 4040 durer
1045 3978 1164 4058 jusques
1177 3992 1238 4060 ety

172 4073 300 4153 compris
316 4073 346 4132 le
362 4076 404 4131 1⁸¹
418 4071 475 4131 mai
497 4073 586 4140 ltro.
608 4066 729 4150 leuglet
744 4065 920 4144 Dulresuoy,
937 4070 1108 4141 Convmines,
1130 4081 1152 4126 t.
1175 4072 1233 4144 111,

173 4185 204 4246 P·
214 4167 338 4318 eliibir
349 4253 378 4313 le
391 4252 475 4313 truite
488 4250 591 4312 conclu
604 4256 621 4310 a
634 4247 807 4311 lindemach
823 4249 851 4308 le
868 4251 903 4310 31
923 4248 1076 4311 decembre
1092 4253 1168 4311 ttrt
1181 4272 1235 4332 par

173 4348 350 4426 l'empereur
363 4357 392 4405 et
405 4343 448 4404 les
464 4343 604 4402 electeurs
617 4339 654 4400 de
668 4339 807 4421 l'Empire
820 4358 892 4400 avec
911 4338 953 4400 les
973 4339 1237 4419 plenipotentiaires
