3282 5168
595 543 704 600 uultu
720 543 885 605 mattos,
1168 551 1171 562 ’
1211 545 1268 602 287

215 670 401 769 dequibus
417 670 826 770 plurimumcoulidcbat
845 697 1024 772 :quorum
1038 675 1127 748 alter
1144 673 1269 772 appel-

214 785 356 859 labatur
373 785 551 859 lordanus
567 791 704 880 Faurc,
723 786 841 860 dictus
867 793 1042 879 Verreir‘,
1068 789 1268 864 monachus

214 901 353 973 ordinis
365 902 695 993 Sancti-Benedicti,
713 902 888 976 oriundus
904 903 949 976 de
965 906 1104 978 civitate
1117 907 1217 1003 Dyae*
1230 906 1267 976 iu

215 1015 409 1111 Dellinatu,
431 1019 489 1090 cui
501 1016 598 1091 idem
607 1017 872 1092 dominussuus
888 1020 1017 1094 fecerat
1033 1020 1196 1096 obtinere
1214 1044 1269 1091 so·

214 1131 370 1204 lemnem
387 1157 469 1206 eam
486 1133 664 1206 abbatiam
682 1135 966 1208 Sancti-loannis
993 1137 1197 1234 angelised,
1234 1150 1269 1208 ct

214 1248 535 1346 eleemosynarium
561 1275 666 1324 suum
684 1276 768 1325 eum
790 1251 939 1342 lecerat,
967 1278 1049 1324 cum
1073 1277 1146 1351 quo
1163 1253 1269 1324 etiam

214 1365 375 1462 quotidie
400 1366 508 1439 horas
531 1370 722 1442 canonicas
739 1368 899 1464 legebat;
927 1370 1026 1443 alteri
1043 1395 1176 1442 nomen
1195 1385 1270 1444 erat

215 1479 389 1550 Henricus
404 1479 447 1550 de
464 1481 500 1552 la
515 1482 640 1575 Roclze,
660 1483 723 1580 qui
737 1483 880 1554 scutifer
894 1499 968 1555 erat
982 1485 1161 1582 coquinae⁸
1178 1485 1270 1581 ejus·

215 1594 299 1666 dem
317 1594 470 1668 domini.
486 1602 559 1669 Hos
572 1599 706 1697 quippe
722 1597 827 1692 duos,
847 1597 943 1670 velut
957 1599 1109 1672 idoneos
1121 1597 1192 1672 ta’m
1206 1623 1269 1672 nc·

215 1708 325 1783 fando
341 1713 443 1809 operi
460 1714 651 1802 ministros,
668 1714 852 1811 promissis
861 1728 967 1812 atque
984 1715 1191 1788 muneribus
1209 1741 1269 1788 rex

207 1818 358 1923 'pellexit
375 1840 414 1897 ut
434 1825 727 1924 benignissimum
755 1828 945 1900 dominum
963 1853 1084 1922 suum,
1103 1830 1270 1904 adhibitis

214 1942 321 2013 etiam
342 1941 558 2039 quibusdam
579 1944 764 2042 sortilegiis
789 1959 826 2017 et
854 1943 1018 2020 maleficii
1041 1946 1190 2039 artibus,
1211 1972 1270 2020 ve·

214 2084 312 2132 neno
328 2062 612 2157 exstinguerent:
627 2063 932 2161 quemadmodum
944 2080 980 2138 et
994 2066 1164 2139 lecerunt.
1184 2071 1271 2140 Nam

215 2173 262 2246 ab
289 2174 368 2273 ipso
391 2200 474 2276 rege
497 2177 609 2248 mtdta
630 2193 813 2249 scutorum
831 2176 960 2280 millia,
986 2196 1068 2253 ante
1090 2195 1271 2279 patratum

215 2291 343 2384 scelus,
358 2294 433 2391 jam
448 2295 642 2393 recepisse,
661 2294 764 2392 plura
777 2320 863 2367 vero
874 2294 1001 2389 multo,
1020 2313 1270 2371 consummato

215 2431 273 2496 eo,
292 2433 335 2480 ex
351 2423 455 2507 pacto
470 2410 672 2508 percepturi
689 2435 765 2480 esse
780 2408 1016 2483 ferebantur⁸.

266 2529 419 2623 Accepto
439 2525 559 2622 itaque
582 2539 616 2596 et
633 2523 761 2596 hausto
788 2523 966 2597 dictorum
985 2526 1141 2598 duorum
1162 2553 1271 2626 opera

216 2663 374 2728 veneno,
401 2641 478 2736 ipse
503 2639 672 2711 dominus
695 2639 863 2732 Carolus,
892 2641 1058 2714 nondum
1078 2669 1146 2714 xxx
1166 2646 1272 2716 aunis

216 2755 325 2827 aetatis
359 2779 430 2826 suae
464 2753 611 2852 expletis
627 2757 669 2846 ⁶,
693 2753 911 2828 lamentabili
944 2771 1051 2855 atque
1082 2759 1271 2831 immatura

216 2884 331 2941 morte
347 2871 456 2942 vitam
479 2868 614 2960 finivit,
633 2870 731 2941 miris
752 2871 967 2944 cruciatibus
991 2887 1098 2970 atque
1122 2872 1270 2973 languo-

217 2986 336 3081 ribus,
374 2989 580 3088 priusquam
617 2988 780 3086 spiritum
815 2987 1018 3082 exhalaret,
1054 2989 1204 3062 alllictus
1237 3005 1272 3062 et

217 3105 454 3196 excruciatum
482 3129 566 3176 nam
591 3101 711 3202 plures
727 3128 867 3176 meuses
885 3105 921 3176 in
940 3103 1150 3201 hujusmodi
1168 3104 1272 3178 dolo·

218 3217 316 3290 ribus
333 3233 439 3316 atque
457 3217 694 3309 cruciatibus,
727 3244 819 3317 quos
839 3220 875 3291 in
887 3284 890 3290 .
902 3219 977 3314 ejus
997 3243 1148 3318 corpore
1164 3234 1272 3318 atque

218 3329 410 3402 visceribus
428 3329 595 3402 violentia
610 3333 739 3402 veneni
756 3329 919 3422 faciebat,
936 3332 1114 3426 transegit.
1139 3335 1175 3402 lu
1192 3333 1272 3427 qui·

217 3444 285 3516 bus
303 3459 436 3542 quanta
454 3444 505 3516 illi
527 3470 614 3519 cura
639 3460 745 3544 atque
769 3445 952 3542 diligentia
977 3445 1132 3519 exhibita
1154 3446 1273 3520 luisset

218 3561 458 3652 medicorum,
477 3561 607 3633 nullius
623 3575 743 3634 tamen
761 3585 829 3660 ope
845 3561 900 3633 vel
919 3561 1049 3634 auxilio
1074 3561 1269 3654 mediciuae,

258 3729 286 3785 l.
308 3724 443 3806 Corrigez
459 3729 585 3784 Vereors.

257 3817 286 3872 Ξ.
310 3815 375 3876 Die.

259 3908 286 3964 ³.
310 3905 474 3964 Seiut-Jean
488 3901 632 3982 d’Angeli.

258 3998 288 4056 d.
310 3987 424 4072 ncuyer
439 3991 476 4052 dc
492 3993 613 4052 cuisine.

259 4086 287 4142 5.
310 4081 380 4142 Voir
392 4102 426 4140 ce
445 4099 503 4160 que
517 4083 641 4142 l’auteur
656 4079 751 4154 ajoute
764 4079 908 4159 ci·aprds,
923 4084 944 4143 1.
958 4085 1008 4159 lV,
1022 4102 1049 4144 c.
1067 4103 1105 4154 u,
1120 4101 1193 4162 poor
1206 4083 1272 4142 eta·

217 4171 274 4232 blir
287 4171 496 4231 l’authenticite
508 4169 548 4230 du
564 4169 664 4230 crime.
1325 4233 1329 4240 ⁸

259 4265 287 4322 6.
309 4261 412 4320 Iln'en
427 4260 504 4320 avait
517 4279 573 4338 que
587 4259 727 4338 vingt-six
751 4260 827 4320 <itant
840 4258 877 4318 nt'r
889 4258 943 4319 tta
956 4259 994 4318 lin
1009 4257 1045 4318 de
1056 4257 1168 4318 l’anue'e
1181 4264 1192 4318 t
1203 4263 1268 4322 tto.
