3384 5184
635 482 746 542 {BER
774 481 977 542 SECUNDUS.
1278 482 1333 540 lll

271 619 378 694 rebus
401 617 538 718 absque
559 617 700 690 ratione
723 641 850 714 agere,
882 615 1048 690 mulieres
1069 614 1210 690 nobiles
1229 630 1338 711 atque

271 735 468 834 ignobiles,
498 748 628 812 contra
655 757 758 806 suam
791 747 827 804 et
862 746 1052 830 parentum
1086 733 1335 824 voluntatem,

270 853 560 950 quibuscumque
572 849 669 942 velit,
688 863 816 922 contra
831 874 939 921 omne
953 849 1060 944 juset
1074 847 1126 920 ias
1139 849 1186 921 ad
1201 848 1340 922 nuben-

270 968 363 1042 dum
395 965 642 1065 compellere,
679 979 715 1037 et
747 964 956 1060 generaliter
985 989 1112 1036 omnes
1148 965 1336 1056 subditos,

271 1083 442 1182 adempta
461 1084 513 1154 eis
533 1105 681 1180 prorsus
704 1081 805 1154 omni
822 1079 1007 1170 libertate,
1032 1082 1069 1152 in
1088 1081 1267 1156 miseriam
1284 1107 1339 1156 re·

271 1200 394 1300 digere
408 1213 446 1272 et
464 1199 689 1291 servitutem3
711 1197 800 1270 nulli
816 1220 893 1268 rem
909 1195 1088 1294 aliquam,
1106 1197 1205 1270 velut
1220 1222 1335 1282 suam,

272 1313 431 1390 habendi
446 1337 489 1389 ac
504 1313 736 1412 possidendi,
766 1313 835 1385 nisi
857 1327 1034 1410 qnatenus
1048 1313 1081 1386 ei
1097 1312 1257 1400 libuerit,
1284 1339 1339 1387 re·

271 1431 355 1506 licta
379 1430 546 1518 licentia,
569 1444 628 1518 et,
653 1443 694 1502 ut
721 1429 843 1527 paucis
870 1428 983 1500 multa
1006 1429 1336 1529 comprehendam,

272 1546 364 1620 velle
379 1569 526 1618 omnem
541 1543 715 1642 gradum,
736 1557 871 1618 statum
887 1559 994 1641 atque
1007 1544 1196 1636 ordinem,
1214 1571 1338 1620 sexum
1441 1633 1445 1652 Ι

272 1676 308 1736 et
325 1676 467 1738 aeutem
486 1662 595 1734 totius
615 1660 773 1757 regionis
789 1662 956 1734 omnium
971 1662 1209 1756 miseriarum,
1228 1667 1338 1738 servi·

262 1792 436 1852 ,tutumet
444 1776 625 1852 bellorum
635 1776 896 1850 calamitatibus
907 1777 1088 1877 complere
1097 1793 1136 1850 et
1145 1779 1336 1872 conficere,

272 1906 380 1990 atque
399 1917 548 1980 omnes,
572 1893 705 1991 passim
725 1906 761 1964 et
783 1893 861 1965 sine
877 1893 1039 1987 delectu,
1058 1919 1125 1992 pro
1145 1894 1222 1968 solo
1248 1910 1338 1969 nutu

272 2007 329 2084 vel
338 2010 577 2090 nefandorum
585 2009 776 2083 satellitum
788 2012 1233 2111 seustipatorumsuorum
1245 2012 1340 2087 desi-

272 2127 425 2206 dertosa
438 2128 657 2227 impiissimis
668 2128 930 2220 voluntatibus,
947 2129 1165 2228 opprimere,
1177 2131 1339 2204 cruciati-

272 2243 342 2318 bus
350 2259 386 2318 et
394 2245 592 2344 suppliciis,
615 2246 718 2318 omni
729 2246 820 2341 juris
832 2244 960 2317 ordine
972 2246 1210 2344 praetermisso
1231 2261 1339 2345 atque

274 2358 451 2458 neglecto,
472 2360 640 2434 alliceret
664 2383 742 2470 cur³
759 2360 923 2454 inquam,
943 2385 1017 2432 nou
1039 2375 1235 2461 potuerunt
1252 2389 1338 2462 pro·

273 2501 373 2550 ceres
389 2490 425 2548 et
440 2475 595 2572 majores
610 2475 712 2570 regni
730 2474 767 2544 in
788 2487 888 2550 tanta
910 2475 1115 2574 reipublice
1140 2480 1339 2554 vastatione

273 2607 311 2665 et
324 2591 570 2680 desolatione,
600 2614 667 2688 pro
685 2591 871 2662 communi
889 2589 1023 2682 salute,
1051 2606 1087 2663 et
1107 2592 1154 2664 ad
1177 2593 1340 2668 dudum

274 2709 382 2784 tanus
398 2707 500 2780 malis
517 2721 555 2778 et
569 2704 669 2794 aliis,
695 2729 776 2804 quae
797 2706 856 2777 vix
880 2705 953 2778 ulla
970 2707 1176 2780 elocutione
1202 2712 1340 2784 narrari

274 2840 436 2924 possent,
449 2823 621 2916 remedia,
632 2847 671 2895 se
683 2821 850 2919 colligere
866 2824 903 2894 in
921 2847 1035 2896 unum
1053 2837 1089 2896 et
1104 2849 1336 2924 congregare,

274 2957 312 3016 et
327 2944 522 3041 pmumrun
538 2954 720 3040 regentem
736 2939 954 3038 compellere
971 2955 1007 3012 et
1026 2939 1244 3030 admonere,
1273 2959 1336 3034 ut,

275 3062 420 3132 atentia
436 3059 611 3132 desistens
624 3056 741 3142 malis,
760 3055 885 3128 debito
897 3057 1026 3130 ordine
1035 3057 1191 3154 justitiae,
1212 3083 1340 3132 secun·

275 3175 366 3248 dum
388 3175 528 3248 divinas
544 3189 581 3248 et
596 3173 772 3246 humanas
787 3173 884 3271 leges
906 3189 1016 3272 atque
1033 3173 1232 3250 laudabiles
1250 3203 1339 3250 con·

276 3291 504 3382 suetudines,
527 3289 791 3389 rempublicam
809 3277 1017 3366 moderetur
1035 3305 1071 3364 et
1086 3306 1207 3389 regat,
1234 3308 1340 3369 utens

275 3407 428 3482 consilio
444 3407 605 3478 virorum
619 3405 822 3505 potentium
838 3419 874 3476 et
886 3406 1122 3505 sapientium,
1145 3408 1277 3506 quibus
1294 3411 1341 3484 sit

276 3525 344 3598 Dei
367 3524 496 3614 timor,
524 3545 629 3596 amor
640 3520 784 3617 justiu'ae
802 3534 838 3594 et
853 3521 1032 3610 veritatis,
1060 3537 1097 3595 et
1117 3525 1182 3622 qui
1199 3526 1341 3609 oderint

276 3639 483 3732 avaritiam,
501 3635 810 3737 quemadmodum
826 3639 942 3710 Moses
954 3636 1013 3709 ille
1027 3637 1100 3710 dux
1115 3655 1151 3714 et
1161 3641 1341 3740 legislator

277 3756 458 3832 israelitici
467 3753 609 3855 populi,
620 3777 644 3826 a
657 3777 784 3824 socero
794 3777 877 3844 suc,
896 3746 1029 3826 scilicet
1043 3753 1151 3854 longe
1164 3759 1340 3832 inferioris

277 3868 477 3968 dignitatis,
505 3867 695 3943 consilium
717 3865 907 3938 salubriter
929 3870 1091 3967 accepit?
1114 3875 1227 3970 Atque
1252 3873 1336 3965 ubi,

277 4012 427 4062 omnem
451 3985 700 4060 rationabilem
721 3999 757 4058 et
780 3984 905 4058 utilem
928 3986 1212 4064 admonitionem
1239 4015 1340 4089 sper-

278 4118 426 4180 nentem
446 4117 486 4178 et
507 4101 830 4194 contemnentem,
862 4101 1017 4176 viderint
1039 4129 1077 4178 se
1103 4105 1194 4180 uelle
1218 4110 1340 4206 potius

279 4215 382 4294 matis
396 4216 579 4318 prioribus
600 4217 724 4315 pejora
743 4216 899 4304 addere,
926 4231 962 4290 et
977 4218 1112 4292 utiliter
1125 4245 1208 4296 eum
1231 4237 1339 4322 atque
