3272 5182
382 593 439 650 264
654 589 908 648 HISTORIARUM
928 588 1105 646 LUDOVIGI
1124 589 1168 645 x1

379 726 527 794 Movens
537 721 656 816 itaque
670 744 691 792 a
705 719 900 792 Londoniis
917 743 1000 790 cum
1012 719 1124 817 copiis
1143 719 1229 810 suis,
1246 718 1293 790 ad
1305 720 1438 808 locum,

380 837 444 910 ubi
460 837 618 933 reginam
640 851 676 907 et
701 835 908 907 Edoardum
934 833 1047 906 filium
1072 834 1147 930 ejus
1168 859 1251 905 cum
1276 836 1348 906 suis
1364 860 1440 908 esse

378 954 616 1045 existimabat,
631 954 697 1024 iter
715 953 856 1024 direxit.

426 1069 526 1142 ldem
544 1094 630 1141 vero
650 1067 838 1139 Edoardus
855 1093 938 1139 cum
953 1083 1067 1140 matre
1085 1091 1185 1139 suae
1204 1067 1346 1140 diverso
1360 1094 1439 1141 ver·

376 1211 436 1257 sus
456 1209 576 1282 regem
599 1183 829 1272 Edoardum‚
857 1184 934 1255 freti
959 1185 1124 1274 maxima,
1157 1207 1266 1280 quam
1288 1183 1438 1256 enobi·

376 1299 470 1372 libus
485 1315 521 1372 et
538 1298 771 1398 popularibus
789 1314 1053 1384 contraxerant,
1073 1300 1318 1393 multitudine,
1332 1302 1437 1373 etiam

375 1415 659 1505 contendebant3
681 1430 927 1512 veneruntque
944 1441 1057 1516 usque
1074 1415 1120 1488 ad
1138 1417 1317 1489 civitatem
1335 1423 1440 1490 Bato·

376 1531 567 1603 niensem¹.
598 1532 663 1603 Cui
690 1532 821 1604 civitati
843 1531 1146 1630 appropinquavit
1164 1531 1353 1605 Edoardus
1376 1559 1439 1606 rex

377 1669 491 1742 usque
508 1646 554 1718 ad
568 1647 693 1720 decem
706 1662 741 1720 et
751 1662 833 1719 octo
845 1646 1008 1719 milliaria
1018 1647 1138 1746 patriae
1146 1652 1169 1736 ¹,
1190 1645 1313 1744 ibique
1326 1663 1439 1720 castra

376 1779 527 1836 metatus
549 1778 616 1854 est,
636 1789 796 1864 sperans,
816 1765 868 1836 uti
880 1763 973 1836 lama
991 1763 1186 1854 serebatur,
1212 1763 1333 1835 hostes
1356 1790 1439 1837 siros

375 1883 410 1955 in
431 1885 625 1956 crastinum
638 1907 760 1954 secum
778 1882 1021 1969 dimicaturos,
1044 1881 1093 1953 ibi
1115 1906 1177 1953 eos
1195 1884 1386 1980 opperiens
1403 1899 1439 1956 et

374 2013 520 2071 cunctas
547 2022 628 2070 suas
654 1998 747 2070 acies
771 1998 818 2070 ad
843 1997 1078 2096 praeliandum
1102 2022 1337 2097 componens.
1368 2000 1438 2072 Sed

374 2138 457 2184 cum
475 2115 511 2185 id
526 2116 655 2210 reginae
670 2115 817 2212 ejusque
841 2113 914 2187 filio
934 2115 1162 2204 innotuisset,
1189 2115 1289 2212 quod
1303 2117 1438 2188 Edoar-

374 2229 442 2298 dus
464 2253 526 2302 rex
550 2230 597 2302 ad
615 2230 847 2328 praeliandum
874 2231 1055 2302 accinctus
1076 2245 1112 2301 et
1132 2246 1351 2328 praeparatus
1376 2255 1437 2302 eos

374 2361 579 2419 constanter
597 2346 846 2445 exspectabat,
864 2371 1074 2444 quanquam
1096 2347 1354 2444 congrediendi
1370 2373 1435 2446 pu·

376 2461 580 2559 guandique
608 2467 833 2561 propositum
862 2463 1108 2562 accepissent,
1149 2476 1288 2534 mutato
1317 2478 1436 2536 tamen

376 2578 550 2668 consilio,
573 2580 664 2676 regis
687 2579 779 2651 sama
797 2580 1067 2676 constantiaque
1090 2592 1197 2675 atque
1213 2579 1437 2652 animositate

375 2695 561 2779 deterriti,
595 2721 718 2768 versus
744 2710 881 2794 partem
915 2694 1231 2793 septentrionalem
1260 2721 1343 2767 cum
1371 2722 1435 2769 suo

376 2811 532 2882 exercitu
549 2811 789 2903 diverterunt,
818 2827 853 2883 et
872 2811 918 2883 ad
935 2811 1111 2908 oppidum
1127 2811 1314 2908 quoddam
1332 2815 1437 2886 mari·

306 2916 315 2934 ⁸
376 2927 518 3016 timum,
536 2928 755 3028 appellatum
769 2927 954 3017 Brr'stule’,
974 2941 1227 3026 pervenerunt,
1245 2927 1346 3000 dives
1359 2931 1436 3026 qui·

377 3039 460 3112 dem
476 3056 512 3113 et
525 3042 735 3140 opulentum
753 3056 861 3137 atque
878 3041 1070 3112 munitum.
1091 3045 1131 3112 ln
1147 3066 1222 3138 quo
1238 3067 1321 3113 cum
1339 3047 1437 3117 auxi·

318 3211 322 3222 .
376 3157 426 3230 lio
438 3173 473 3229 et
486 3155 918 3255 favoribusquorumdam
929 3157 1059 3256 recepti
1070 3158 1229 3248 fuissent,
1243 3156 1290 3230 ab
1299 3158 1433 3230 eisdem

377 3273 461 3344 viris
477 3275 639 3370 pecuniis
668 3287 703 3344 et
719 3286 922 3345 commeatu
942 3273 1131 3345 confortati
1149 3274 1343 3371 plurimum
1360 3275 1435 3346 sue·

377 3403 463 3459 runt
478 3404 513 3460 et
530 3387 653 3484 adjuti.
671 3389 871 3488 Resumptis
883 3389 989 3486 igitur
1003 3388 1132 3461 talibus
1145 3389 1279 3462 solatiis
1293 3391 1433 3482 animis,
1485 3395 1490 3408 '
1520 3401 1526 3413 '

377 3505 506 3577 iterum
519 3504 774 3601 congrediendi
789 3531 873 3578 cnm
890 3506 1058 3579 Edoardo
1072 3523 1106 3579 et
1121 3505 1217 3578 bello
1230 3506 1435 3578 decertandi

377 3622 566 3694 consilinm
592 3639 819 3722 acceperunt.
854 3623 962 3712 Quod
986 3637 1024 3695 ut
1045 3622 1220 3714 lacerent,
1251 3624 1436 3721 praesatum

376 3738 551 3838 oppidum
578 3740 774 3825 exiverunt,
794 3754 831 3813 et
854 3739 901 3813 ad
923 3739 1045 3812 locum
1067 3763 1199 3811 novem
1225 3739 1435 3812 milliaribus

377 3853 422 3954 ab
445 3879 489 3927 eo
516 3855 708 3927 distantem
725 3879 763 3927 se
786 3855 1023 3944 conserentes,
1046 3879 1085 3926 ιι.
1107 3855 1166 3927 die
1182 3857 1314 3926 mensis
1333 3857 1433 3946 maii,

376 3969 497 4044 locum
509 3970 579 4044 illic
596 3996 663 4070 pro
677 3973 797 4045 castris
814 3987 848 4045 et
864 3972 1032 4044 conflictu
1050 3968 1272 4070 delegerunt.

417 4157 447 4214 l.
469 4154 551 4217 nath.

417 4247 446 4302 2.
469 4245 607 4306 nix-huit
624 4247 715 4308 milles
732 4247 851 4328 anglais.

417 4337 445 4393 3.
468 4335 581 4397 Bristol.
