3272 5182
531 573 639 630 unna
665 574 868 635 sneunnus.
1151 578 1229 660 ⁴atu

174 704 326 776 sectione
342 702 388 774 ad
406 703 596 796 Leodium,
618 703 674 775 vel
693 703 739 775 de
757 728 844 802 paee
861 729 925 803 per
943 729 1026 776 eum
1043 729 1127 782 cum
1142 676 1233 804 prae,-

173 818 245 890 tato
262 818 353 890 duce
370 821 568 916 composita
583 843 787 891 sermonem
804 821 959 916 aliquem
984 820 1098 892 lacere
1123 821 1232 894 aude·

173 947 240 1022 ret,
250 949 285 1006 et
294 934 365 1006 lroc
373 933 441 1007 sub
451 960 600 1009 censura
611 938 736 1031 gravi¹.
747 933 817 1005 Sed
826 959 1013 1007 censuram
1025 935 1232 1031 hujusmodi

173 1049 303 1122 silentii
322 1049 595 1146 quomodolibet
615 1049 808 1138 addixerit,
827 1049 965 1146 linguas
979 1067 1098 1122 tamen
1114 1051 1231 1122 homi·

173 1191 261 1237 num
286 1189 359 1236 non
383 1167 432 1238 ita
450 1166 630 1237 devincire
654 1168 787 1264 potuit,
810 1167 896 1262 quin
915 1167 960 1238 ab
978 1169 1028 1238 eis
1046 1166 1232 1239 maledicta

175 1282 250 1352 sine
270 1281 422 1352 numero
444 1296 659 1380 reportaret,
685 1283 869 1381 potissime
889 1297 1037 1380 propter
1056 1284 1233 1355 excidium

176 1398 274 1469 urbis
299 1398 501 1469 Leodiensis
527 1415 561 1471 et
585 1398 730 1471 illorum
754 1397 980 1490 Eburonum,
1007 1399 1070 1496 qui
1094 1400 1235 1495 regibus

176 1518 396 1584 Francorum
409 1512 559 1586 devotos
576 1539 716 1613 semper
730 1539 767 1586 se
781 1529 816 1585 et
827 1513 1061 1610 obsequiosos
1075 1516 1236 1614 profiteri

176 1627 350 1700 solebant.
371 1627 473 1700 Unde
489 1645 626 1725 quanto
643 1629 734 1728 plus,
752 1653 797 1700 ne
812 1629 857 1700 dc
870 1628 942 1701 hoc
955 1654 1138 1703 sermones
1153 1656 1236 1702 con·

175 1761 354 1829 sererent,
384 1760 488 1817 erant
514 1745 706 1844 prohibiti,
733 1759 833 1816 tanto
856 1744 1103 1818 vehementius
1127 1761 1235 1844 atque

176 1861 395 1958 frequentius
411 1860 496 1931 inde
516 1859 552 1930 in
572 1859 695 1931 abdito
711 1859 968 1957 loquebantur,
989 1875 1025 1931 et
1041 1861 1087 1933 de
1105 1876 1234 1959 pacto-

176 2001 257 2048 rum
272 2002 355 2048 cum
369 1975 666 2069 Burgundionum
682 1975 772 2046 duce
785 1973 1007 2073 turpitudine
1021 1991 1056 2046 et
1068 1977 1233 2060 infamia,

177 2108 211 2166 et
229 2093 274 2165 de
291 2092 358 2164 illis
378 2090 544 2191 praeclare
561 2091 658 2189 apud
675 2092 848 2163 Leodium
868 2115 890 2163 a
911 2116 949 2163 se
970 2093 1090 2188 gestis,
1116 2093 1177 2165 ubi
1200 2111 1234 2168 et

176 2210 317 2306 signum
342 2210 456 2279 crucis
478 2209 599 2278 Sancti
620 2207 767 2278 Andreae
784 2210 821 2278 in
840 2208 913 2278 suis
930 2209 1147 2281 vestimentis
1166 2237 1234 2310 pu-

176 2323 268 2395 blice
280 2336 496 2422 portaverat,
511 2337 546 2393 et
559 2337 731 2418 tanquam
745 2321 994 2420 stipendiarius
1009 2323 1121 2420 ipsius
1135 2325 1236 2398 ducis

177 2439 472 2535 Burgundionum
484 2440 590 2509 soret:
603 2441 639 2509 V
636 2432 956 2535 rbedourgoingne!
964 2439 1232 2514 acclamaverat.

225 2560 307 2629 Sese
332 2547 471 2644 tamen,
489 2568 571 2653 post
592 2551 840 2648 hujuscemodi
863 2553 914 2623 sic
935 2554 1140 2626 solemniter
1162 2580 1236 2631 ase

176 2673 281 2762 lacta,
301 2671 479 2743 continuit
492 2672 528 2741 in
546 2692 633 2768 pace
647 2692 712 2766 per
727 2667 863 2764 aliquot
879 2691 1031 2739 menses.
1051 2673 1091 2738 In
1109 2670 1239 2766 quibus

177 2791 251 2888 ipse
287 2787 580 2890 Burgundionum
616 2783 689 2855 dux
721 2783 767 2855 de
799 2787 1029 2881 compactatis
1058 2787 1235 2861 solemnes

176 2921 284 3004 atque
302 2904 524 2977 authenticas
544 2903 694 2988 litteras,
715 2914 751 2970 et
768 2924 891 2971 earum
906 2899 1185 2999 publicationem
1202 2921 1238 2978 et

177 3021 476 3121 approbationem
501 3021 538 3090 in
564 3018 663 3120 curia
691 3016 902 3117 parlamenti
930 3020 1148 3126 Parisiensis,
1177 3048 1239 3096 ca-

176 3162 273 3210 mera
291 3151 545 3235 computorum
557 3149 592 3206 et
604 3132 691 3205 alibi
708 3133 924 3229 ubicumque
942 3151 1188 3232 opportunum
1202 3154 1239 3210 et

177 3253 369 3352 expediens
385 3253 504 3322 visum
521 3251 554 3321 ei
573 3248 655 3342 luit,
677 3249 808 3320 confici
826 3264 932 3346 atque
949 3252 1108 3349 expediri
1126 3254 1234 3328 lecit¹.

217 3449 246 3503 l.
273 3471 285 3496 α
301 3447 342 3504 Le
354 3439 473 3518 samedy
483 3441 520 3499 lt)
530 3436 701 3510 novembre,
715 3438 758 3496 lut
771 3438 829 3497 orie
842 3451 869 3497 et
879 3437 978 3517 puhlid
991 3441 1069 3498 ason
1081 3439 1117 3498 de
1126 3455 1239 3524 trompe
1330 3487 1331 3494 κ

177 3549 205 3594 et
217 3555 267 3613 cry
281 3531 390 3610 public,
406 3549 459 3608 par
470 3528 511 3587 les
523 3527 685 3587 carrelours
699 3527 736 3587 de
745 3528 836 3597 Paris,
851 3526 921 3585 ledit
931 3529 1034 3586 accord
1046 3542 1075 3587 et
1086 3533 1176 3590 union
1189 3535 1240 3594 lait

176 3638 257 3684 entre
268 3627 294 3680 le
305 3641 357 3698 roy
370 3631 399 3678 et
412 3617 523 3676 mondit
536 3617 672 3695 seigneur
683 3615 719 3672 de
731 3619 918 3695 Bourgogne5
934 3629 963 3674 et
976 3636 1045 3694 que,
1058 3639 1134 3696 pour
1144 3624 1240 3684 raison

177 3712 218 3771 du
231 3726 322 3789 temps
338 3708 437 3787 passe,
455 3724 599 3784 personne
612 3704 713 3762 vivant
725 3722 762 3762 ne
777 3703 852 3761 faust
865 3706 889 3761 si
904 3706 953 3762 ose
967 3724 1006 3764 ou
1020 3705 1113 3787 hardy
1127 3711 1163 3769 de
1177 3714 1240 3772 rien

176 3802 239 3860 dire
256 3795 450 3876 bl’opprobre
469 3794 552 3851 dudit
570 3792 715 3874 seigneur,
733 3794 807 3850 seust
821 3792 857 3850 de
873 3792 1001 3868 bouche,
1017 3817 1056 3856 on
1072 3817 1126 3876 par
1139 3803 1236 3878 escrit,

176 3892 284 3971 signes,
298 3889 456 3966 paintures,
469 3883 641 3957 rondeaulx,
653 3881 792 3955 hellades,
805 3881 916 3941 libellos
926 3884 1143 3963 diffamatoires,
1154 3891 1239 3951 chan-

177 3999 244 4040 sons
265 3977 301 4035 de
322 3987 400 4054 geste
420 3993 458 4031 ne
475 3982 651 4042 outrement,
670 3990 707 4029 en
729 3971 855 4048 quelque
874 3973 1003 4032 manidre
1024 3996 1082 4054 que
1101 3997 1135 4037 ce
1156 3995 1240 4058 peust

177 4083 269 4140 estre;
283 4081 311 4126 et
324 4085 382 4143 que
394 4063 478 4122 ceulx
495 4061 545 4141 qui
557 4063 682 4121 seroient
693 4075 813 4121 trouvez
827 4063 910 4122 avoir
924 4064 991 4123 faict
1003 4085 1042 4124 ou
1051 4069 1110 4126 este
1122 4088 1159 4127 au
1171 4091 1241 4132 con-

177 4161 265 4220 traire
277 4159 405 4217 seussent
418 4153 597 4234 grievemeut
610 4154 733 4233 pugniz,
749 4152 822 4210 ainsi
833 4171 890 4231 que
900 4153 964 4232 plus
974 4158 991 4212 a
1003 4156 1082 4234 plain
1093 4157 1179 4218 ledict
1189 4183 1240 4242 try

178 4249 362 4310 contemnito
379 4245 486 4304 Chron.
504 4243 617 4314 scand.‚
633 4247 675 4298 act
685 4263 753 4300 anu.
768 4246 854 4304 ll68.

218 4345 251 4400 9.
272 4345 327 4400 Les
340 4349 417 4396 actes
430 4333 543 4393 dresses
555 4335 572 4390 a
586 4333 717 4392 Perenne
732 4333 827 4393 iurent
840 4331 1013 4413 enregistrds
1026 4351 1065 4392 au
1078 4335 1242 4399 Parlement

341 4465 369 4502 ιι
1045 4442 1084 4500 14
