3402 5186
380 541 419 596 80
649 537 905 596 fllswnmaUM
924 537 1103 594 LUDOVICI
1124 537 1167 593 Xl

380 668 426 742 ad
451 692 560 741 unam
585 668 718 742 duasve
741 666 879 760 leucas,
912 668 1099 739 transitum
1127 668 1365 763 invenissent,
1392 669 1439 741 ad

381 799 451 858 tres
468 786 624 884 primurn
641 787 938 880 circumquaque,
959 782 1090 854 deinde
1107 782 1156 856 ad
1170 800 1309 882 septem
1326 809 1439 883 usque

337 949 341 960 ·
380 899 514 992 leucas,
534 925 598 998 per
615 915 742 988 terras,
762 922 867 969 suum
884 922 1019 970 novum
1036 899 1185 995 vectigal
1202 901 1419 998 prorogavit.

432 1019 473 1086 Et
485 1040 569 1088 cum
580 1015 618 1086 id
630 1013 922 1086 clementissimus
934 1039 997 1085 rex
1009 1013 1172 1108 faciebat,
1188 1040 1315 1111 guerra
1329 1041 1441 1090 arma-

381 1157 452 1230 qne
471 1127 629 1229 undique
651 1131 688 1202 in
701 1154 820 1227 regno
842 1143 876 1202 et
900 1129 1144 1227 adjacentibus
1167 1133 1269 1204 terris
1288 1131 1441 1207 silebant

382 1262 489 1346 atque
509 1245 760 1344 quiescebant,
783 1268 850 1318 nec
876 1243 954 1316 ulli¹
976 1246 1127 1318 omnino
1156 1248 1357 1320 necessitati
1386 1249 1441 1322 vel

382 1362 542 1464 periculo
556 1387 706 1460 regnum
721 1376 808 1436 tunc
821 1376 897 1433 erat
910 1365 1147 1461 suppositum,
1161 1365 1231 1437 nisi
1242 1390 1351 1463 quam
1365 1367 1441 1464 ipse

381 1479 449 1552 sibi
466 1478 562 1550 velut
578 1477 625 1549 ab
641 1477 762 1550 inferis
779 1476 976 1551 redivivam
991 1481 1169 1553 excitaret.

706 1823 961 1894 CAPITULUM
985 1824 1109 1892 XXlll.

466 2031 506 2082 De
517 2028 627 2083 luitione
637 2041 767 2084 terrarum
778 2025 906 2081 Picardiae
916 2039 942 2080 et
953 2045 1044 2082 carum
1055 2028 1105 2082 sub
1121 2025 1220 2099 regiam
1230 2023 1359 2080 ditionem

825 2109 997 2164 restitutione.

433 2297 574 2372 Talibus
597 2297 703 2394 igitur
722 2296 781 2395 pie
801 2311 837 2369 et
855 2299 949 2394 juste
971 2296 1017 2370 ab
1040 2321 1085 2368 eo
1105 2295 1299 2395 prepositis
1318 2293 1443 2369 edictis

387 2415 528 2512 (contra
556 2437 632 2509 quae
664 2412 782 2484 nullus
810 2426 897 2484 tunc
925 2413 1072 2510 gannire
1100 2425 1349 2510 praesumeret,
1378 2411 1442 2484 sed

385 2530 532 2630 pariter¹
555 2552 636 2601 suas
660 2528 781 2627 potius
803 2527 948 2626 injurias
971 2527 1111 2600 silentio
1131 2551 1316 2626 premere,
1343 2543 1443 2601 metu

385 2660 556 2737 terrente,
580 2669 706 2718 omnes
730 2645 862 2744 pariter
888 2643 1140 2741 cogerentur),
1164 2644 1297 2716 coactis
1318 2642 1444 2740 hujus·

385 2761 540 2856 cemodi,
557 2786 645 2859 quas
659 2762 899 2860 praediximus,
918 2759 1067 2849 artibus,
1086 2758 1354 2858 quadringentis
1369 2761 1444 2832 mil·

264 2883 267 2894 '
384 2876 477 2950 libus
506 2870 719 2967 aureorum,
750 2874 881 2975 quibus
907 2876 1093 2974 praedictas
1122 2877 1249 2949 terras⁸
1278 2875 1445 2949 Picardiae

384 2992 498 3065 lueret
519 3017 697 3065 summam
720 2991 928 3086 hujusmodi
944 2992 1129 3093 Philippo,
1147 2992 1444 3089 Burgundionum

385 3106 470 3181 duci
494 3109 637 3198 illustri,
663 3107 790 3180 devehi
816 3107 910 3181 lecit.
934 3110 1072 3182 Certior
1094 3110 1191 3182 enim
1211 3111 1286 3206 jam
1309 3109 1355 3182 ab
1379 3134 1441 3198 eo,

386 3224 474 3297 dum
499 3249 602 3296 suam
624 3221 692 3295 sibi
718 3223 938 3296 voluntatem
962 3225 1174 3316 intimasset,
1198 3225 1309 3299 sactus
1331 3226 1446 3299 suerat

385 3342 486 3441 quod
506 3340 712 3437 hujusmodi
733 3337 1003 3440 pignoratarum
1023 3346 1196 3416 terrarbm
1214 3342 1355 3414 luitioui
1376 3342 1444 3414 mi-

385 3459 483 3531 nime
495 3459 693 3549 obsisteret,
707 3458 770 3531 sed
781 3473 899 3559 partas
907 3459 1076 3559 pecunias
1085 3459 1290 3558 recipiendo
1300 3458 1444 3532 easdem

386 3572 537 3654 libenter
556 3574 624 3646 sibi
645 3575 869 3648 deliberaret.
893 3577 1046 3674 Recepta
1066 3575 1172 3672 igitur
1192 3574 1402 3673 hujusmodi
1423 3601 1444 3648 a

385 3689 531 3788 praelato
553 3691 718 3791 Philippo
738 3692 908 3782 summm,
933 3705 1044 3763 terras
1064 3691 1157 3789 ipsas
1179 3715 1323 3784 omnes,
1345 3690 1445 3788 juxta

428 3929 458 3989 l.
482 3927 575 3988 Ullius
591 3925 661 3986 dans
677 3925 704 3985 le
718 3945 772 3984 ms.

426 4018 457 4077 2.
479 4019 597 4076 Comme
616 4022 731 4093 pariter
752 4027 794 4074 est
815 4014 913 4093 repete
939 4013 1004 4092 plus
1025 4013 1085 4072 loin
1109 4027 1137 4072 et
1158 4033 1215 4094 que
1235 4015 1263 4074 la
1281 4015 1386 4094 phrase
1402 4027 1445 4076 est

386 4104 534 4178 boiteuse,
546 4107 576 4181 je
591 4105 668 4163 lirais
684 4103 841 4163 volontiers
852 4116 1044 4180 propterque
1063 4121 1101 4162 au
1115 4103 1175 4163 lieu
1189 4102 1226 4164 de
1238 4111 1362 4182 pariter.

430 4198 459 4254 3.
481 4197 626 4254 predicta
639 4208 719 4252 terre
731 4192 801 4252 dans
814 4192 842 4250 le
855 4211 909 4250 ms.

426 4296 455 4354 l.
479 4299 520 4354 Le
533 4307 687 4374 payement
702 4294 745 4352 fut
758 4292 807 4351 fait
819 4311 856 4351 en
869 4290 946 4349 deux
962 4289 1026 4368 fois,
1040 4303 1069 4352 et
1082 4291 1124 4350 les
1136 4291 1215 4352 deux
1229 4292 1389 4370 quittnnces
1405 4291 1444 4351 du
