3272 5182
601 535 710 590 LIBER
728 534 891 592 TEllTlUS.
1216 537 1270 594 tot

219 687 293 735 non
311 663 462 761 ignorati
480 662 555 736 doli
581 677 616 736 et
641 662 932 738 machinamenta
949 690 1032 738 eum
1056 665 1157 740 aliter
1173 689 1277 766 agere

219 781 428 876 coegissent.

585 1062 842 1135 CAPlTULUM
867 1067 910 1135 X.

219 1267 259 1318 ne
275 1263 368 1336 prelio
384 1262 526 1316 commisso
544 1263 652 1317 Puschoe
669 1263 727 1332 die,
749 1266 776 1319 in
797 1285 870 1340 quo,
889 1268 998 1324 cedente
1009 1270 1120 1326 victoria
1132 1270 1279 1342 Edoardo,

273 1363 360 1399 comes
376 1342 410 1398 de
423 1345 554 1412 Warriclr,
568 1361 631 1399 cum
641 1346 731 1400 multis
741 1365 849 1402 suerum
860 1350 991 1421 partium,
1004 1351 1147 1406 exstinctus
1158 1365 1196 1406 est
1204 1353 1225 1406 ¹.

268 1527 359 1597 Cum
383 1523 488 1622 igitur
513 1521 681 1596 illuxisset
697 1525 964 1601 sacratissimus
993 1528 1069 1602 dies
1092 1529 1281 1604 dominice

220 1644 502 1731 resurrectionis,
534 1642 596 1737 qui
622 1667 695 1714 xrv.
722 1641 883 1738 ejusdem
908 1646 1039 1717 mensis
1065 1661 1154 1738 erat,
1174 1672 1281 1721 mane

219 1760 340 1834 hostes
356 1785 442 1833 suos
460 1761 513 1856 (in
535 1756 667 1856 quibus
691 1760 858 1858 praecipui
875 1775 979 1834 erant
1004 1761 1076 1834 dux
1098 1765 1279 1853 Oronten

219 1900 340 1950 comes
373 1876 419 1949 de
450 1874 639 1968 Warvr‘elr,
684 1874 844 1947 marchio
874 1878 1139 1972 Montis-acuti,
1176 1879 1283 1953 frater

219 1995 337 2084 suus',
358 2016 480 2064 comes
503 1992 674 2084 Oxoniae,
701 1991 873 2064 dominus
895 1994 942 2064 de
963 1992 1220 2086 Bellomonte‘,
1247 2011 1283 2068 et

218 2110 340 2211 plures
372 2110 431 2183 alii
455 2133 646 2207 proceres,¹
670 2107 798 2180 milites
823 2123 930 2206 atque
953 2110 1095 2183 nobiles
1127 2113 1282 2210 partium

219 2241 290 2299 tam
308 2224 452 2297 Henrici
478 2247 587 2320 quarn
610 2223 778 2294 Warvt'elr
799 2224 1049 2298 studiosissimi
1065 2250 1108 2299 ac
1131 2228 1282 2300 tenacis·

219 2344 315 2441 simi)
342 2342 437 2415 bello
455 2341 603 2415 adortus
628 2354 694 2412 est.
714 2343 807 2412 Cum
830 2341 978 2438 quibus,
1007 2367 1085 2415 sese
1101 2343 1230 2415 acriter
1246 2359 1281 2416 et

219 2462 378 2534 animose
397 2454 684 2546 defendentihus,
712 2455 889 2528 dimicans
909 2471 1053 2530 strenue
1084 2481 1126 2530 ac
1152 2474 1282 2558 poten-

218 2593 284 2669 ter,
304 2581 381 2649 Deo
398 2575 447 2646 ita
461 2573 617 2665 volente,
637 2571 877 2670 pulcherrima
894 2573 1030 2672 potitus
1044 2586 1097 2645 est
1112 2573 1278 2646 victoria.

220 2699 308 2768 Nam
321 2693 391 2766 illic
403 2691 481 2763 caesi
492 2689 636 2761 luerunt
646 2687 705 2760 ille
714 2712 865 2784 magnus
874 2688 990 2786 (quod
1004 2713 1096 2786 saepe
1110 2687 1281 2786 diximus)

218 2810 468 2910 proditionum
493 2803 723 2901 architectus,
752 2831 874 2878 comes
905 2805 951 2878 de
980 2806 1170 2900 Warvr'clr,
1197 2831 1280 2878 cum

219 2927 316 3000 dicto
342 2924 573 3013 marchione,
605 2922 710 2995 fratre
726 2947 817 3016 suo,
848 2917 1083 3021 pluribusque
1110 2923 1282 2997 militibus

219 3040 401 3114 nobilibus
431 3054 468 3112 et
493 3037 637 3139 populis
661 3038 816 3137 partium
842 3061 1007 3129 suarum3
1042 3039 1158 3111 caeteri
1193 3062 1280 3112 vero

220 3160 288 3232 fusi
305 3159 499 3256 fugatique,
520 3155 610 3251 fugae
625 3153 790 3254 pracsidio
807 3169 1008 3227 evaserunt.

268 3275 332 3348 Hic
345 3271 438 3365 finis,
453 3270 530 3343 haec
541 3293 690 3359 merces,
702 3268 774 3342 hoc
788 3268 951 3342 debitum
962 3268 1108 3368 praefato
1124 3270 1279 3343 marimo

218 3388 396 3490 proditori
414 3385 634 3485 stipendium
658 3385 742 3477 suit;
772 3389 835 3483 qui
858 3387 951 3459 dolis
973 3401 1086 3500 atque
1102 3386 1281 3484 proditio-

219 3505 326 3578 nibus
342 3505 428 3595 suis,
445 3503 564 3574 civiles
579 3501 738 3601 primum
754 3501 1005 3594 dissensiones,
1028 3529 1092 3602 per
1107 3529 1195 3602 quas
1214 3505 1280 3577 suit

220 3622 395 3695 Henricus
414 3642 526 3716 regno
547 3618 670 3716 pulsus
688 3631 724 3688 et
741 3617 929 3690 Edoardus
946 3620 982 3690 in
998 3643 1117 3716 regem
1134 3620 1281 3694 subvec-

259 3835 288 3890 l.
311 3826 446 3910 Chapitre
460 3824 514 3885 tire
526 3823 563 3884 de
575 3824 604 3883 la
617 3824 713 3882 meme
725 3840 827 3882 source
840 3841 897 3900 que
908 3821 936 3881 le
949 3821 1106 3902 precedent
1120 3837 1212 3902 quant
1222 3843 1281 3883 aux

219 3919 282 3980 faits
295 3918 479 3996 historiques.

259 4013 289 4069 2.
311 4007 446 4087 Corrigea
460 4007 595 4065 Eretria.
611 4003 636 4062 ll
648 4000 732 4082 s’cgit
745 4000 785 4059 du
798 3998 855 4060 duc
868 3999 1012 4076 d’Exeter,
1028 4005 1128 4079 Henry
1143 4001 1280 4062 Bolland.

262 4104 290 4163 3.
313 4097 390 4158 John
403 4095 510 4166 Nevill,
526 4094 653 4172 marquis
666 4091 704 4151 de
717 4095 883 4172 lllontegue,
899 4091 974 4152 frere
987 4092 1024 4152 de
1038 4091 1190 4152 Warwick.

260 4192 290 4252 l.
313 4193 354 4248 Ie
368 4197 462 4246 comte
478 4183 619 4245 d'Oxlord
632 4196 661 4242 et
677 4182 706 4241 le
720 4181 845 4242 vicomte
859 4182 895 4242 de
909 4187 1083 4254 Beanmont‚
1106 4179 1171 4256 dejt
1193 4201 1280 4242 men-

221 4278 333 4338 tionnes
350 4276 421 4335 dans
437 4275 464 4334 le
478 4275 608 4354 chapitre
621 4271 788 4354 precedent,
803 4293 833 4352 p.
850 4275 920 4332 257.
