3282 5168
603 543 710 600 tum
729 543 919 616 «corneus.
1232 543 1288 600 su

281 677 512 747 iucursarunt
536 671 698 746 etaltera
720 674 798 746 vice
819 673 926 747 iidem
952 675 1077 748 tranei
1102 697 1217 772 usque
1243 673 1290 748 ad

230 804 353 890 portas
371 789 496 890 oppidi
516 789 816 864 Valenoeneusis¹.
835 792 906 865 Sed
923 792 1018 865 cives
1037 792 1127 878 loci,
1146 793 1290 865 calaum

231 921 315 1002 tate,
346 931 425 1005 que
452 906 698 980 atrebatenses
723 909 930 999 invenerat,
957 909 1133 980 cautiores
1158 907 1287 1001 eiiecti,

231 1023 363 1096 moenia
385 1047 450 1096 sua
473 1037 508 1094 et
529 1037 651 1120 portas
676 1025 803 1114 tutari,
830 1023 964 1121 absque
989 1023 1059 1096 hoe
1083 1022 1183 1120 quod
1205 1023 1291 1095 toris

231 1137 397 1212 exeundo
421 1139 556 1235 majore
578 1162 616 1211 se
633 1139 795 1238 periculo
821 1141 1090 1236 immergerent,
1113 1138 1196 1210 satis
1221 1137 1290 1210 sibi

231 1279 307 1327 esse
323 1267 509 1353 putarunt.

279 1375 408 1466 Ingens
431 1370 551 1468 itaque
569 1385 684 1442 metus
710 1384 817 1467 atque
840 1395 953 1468 pavor
973 1370 1108 1469 oppida
1129 1385 1164 1442 et
1179 1385 1291 1442 terras

230 1486 332 1559 ducis
346 1485 560 1582 Burgundiae
572 1484 733 1583 undique
746 1487 924 1558 invaserat
946 1501 980 1558 et
1000 1486 1171 1558 sollicitos
1185 1499 1292 1583 atque
1407 1575 1410 1582 ,

231 1603 357 1676 anxios
381 1605 543 1675 omnium
570 1603 712 1675 animos
736 1602 943 1692 detinebat,
970 1627 1053 1674 curn
1074 1627 1111 1674 se
1128 1601 1293 1674 viderent

232 1717 415 1814 undique,
446 1732 482 1790 et
511 1741 655 1814 quaqua
680 1741 820 1788 versum
846 1717 1020 1788 divertere
1047 1730 1218 1815 possent,
1246 1716 1293 1789 ab

231 1834 395 1906 hostibus
420 1857 603 1930 aggressos
625 1856 709 1904 curn
729 1832 856 1905 validis
879 1847 914 1905 et
936 1832 1142 1931 potentibus
1160 1833 1293 1906 exerci-

232 1949 368 2040 tibus¹,
392 1973 498 2022 suum
524 1965 643 2023 autem
667 1949 865 2048 principem
893 1950 929 2021 in
956 1949 1080 2021 castris
1109 1949 1181 2020 suis
1210 1963 1293 2021 ante

232 2066 395 2138 Nussiam
424 2066 471 2138 ita
498 2065 651 2138 detineri
682 2081 899 2163 occupatum
918 2080 954 2138 et
979 2065 1024 2138 ab
1051 2063 1294 2138 innumerabi-

231 2180 325 2253 libus
343 2181 469 2273 fenne,
488 2197 527 2253 ut
542 2183 652 2278 vulgo
664 2180 877 2276 jactabatur,
898 2185 1161 2257 Germanorum
1180 2183 1294 2280 copiis

231 2297 329 2371 velut
345 2299 551 2386 obsessum,
578 2313 618 2370 ut
641 2323 708 2372 nec
732 2298 819 2391 sibi,
845 2325 915 2372 nec
937 2302 1008 2372 suis
1024 2301 1108 2372 satis
1125 2300 1294 2398 opitulari

232 2431 364 2516 posset.
383 2417 558 2488 Viderunt
572 2429 740 2514 praeterea
756 2416 928 2514 oppidula
946 2415 1291 2505 Montis-Desiderii,

233 2532 414 2631 Corbeyae,
430 2533 735 2624 Sancti-Richarii,
751 2536 857 2628 Royae
870 2545 905 2606 et
926 2533 1121 2604 Dourlens⁸
1141 2533 1175 2603 ri
1189 2547 1295 2631 capta

233 2664 268 2722 et
295 2649 463 2722 incendio
491 2675 534 2722 ex
553 2663 652 2747 parte
670 2663 845 2737 cremata,
872 2650 968 2720 caesis
996 2650 1171 2721 etiamen
1193 2663 1293 2746 parte

233 2765 395 2864 pluribus
419 2765 630 2838 eorumdem
655 2766 821 2837 locorum
844 2764 992 2855 accolis,
1021 2764 1078 2836 vel
1101 2763 1148 2836 ad
1173 2765 1293 2836 minus

233 2880 402 2954 omnibus
421 2879 528 2953 bonis
551 2879 624 2952 suis
641 2879 813 2978 spoliatis.
840 2883 927 2967 Quae
945 2880 1069 2976 utique
1091 2879 1196 2950 simul
1214 2901 1293 2976 per-

234 3019 345 3096 pensa
366 3019 442 3068 non
460 2995 549 3068 levis
570 3008 686 3066 metus
702 3007 738 3066 et
760 2992 960 3066 formidinis
980 3017 1103 3066 causas
1124 2991 1293 3066 cumula-

233 3114 338 3208 bant3
358 3113 422 3188 sed
436 3127 574 3214 stupor,
593 3137 633 3185 es
651 3127 723 3186 tam
740 3111 960 3184 imminentis
977 3112 1073 3184 exitii
1091 3112 1289 3210 praesentia,

234 3247 270 3304 et
296 3253 491 3326 exsangues
516 3254 617 3328 paene
645 3242 681 3300 et
716 3227 888 3301 attonitos
916 3242 1066 3300 cunctos
1095 3223 1291 3314 reddebat,

233 3347 330 3419 velut
346 3346 446 3418 omni
465 3344 683 3416 defensionis
707 3344 846 3422 aunilio¹
858 3343 1058 3416 destitutos.
1090 3345 1162 3413 Nec
1184 3339 1293 3414 dubi-

234 3463 385 3536 tandum
403 3475 475 3554 cst,
499 3462 527 3532 si
542 3465 761 3532 Francorum
773 3485 835 3532 rex
852 3485 934 3533 cum
956 3460 1032 3532 suis,
1048 3458 1161 3558 copiis
1177 3473 1294 3558 coepta

235 3579 356 3651 suisset
376 3591 609 3677 prosecutus,
638 3577 747 3671 quin,
774 3577 829 3648 vel
855 3601 921 3675 per
945 3601 1049 3674 agros
1074 3575 1291 3664 Hannoniae,

235 3693 291 3766 vel
308 3693 559 3766 Leodicnsium
576 3705 701 3779 terras,
717 3688 764 3762 ad
775 3691 937 3762 Nussiam
951 3713 1063 3789 usque
1076 3689 1159 3761 satis
1177 3688 1290 3777 facile,

234 3826 271 3883 et
287 3811 385 3882 nulla
408 3809 465 3883 vel
492 3807 634 3880 modica
658 3807 804 3877 inventa
825 3806 1050 3897 resistentia,
1078 3805 1294 3904 pertransire

234 3926 419 4026 potuisset.
443 3923 553 4012 Quod
577 3925 603 3994 si
628 3921 785 4010 fecisset,
805 3935 841 3993 et
860 3938 988 3994 cuncta
1001 3922 1073 3994 sere
1087 3919 1220 4019 oppida
1238 3921 1293 3992 in·

276 4123 304 4178 t.
327 4112 556 4180 Valenciennes.'

219 4204 223 4212 '
275 4211 304 4265 2.
328 4211 469 4266 Exercitus
483 4207 555 4267 dans
568 4206 595 4267 le
608 4227 661 4267 ms.

277 4302 305 4358 3.
329 4297 514 4372 Montdidier,
528 4295 647 4372 eorbie,
662 4297 890 4374 Saint-Riquier,
906 4301 987 4374 Roye
1001 4309 1030 4356 et
1042 4295 1191 4356 Douilens.
