3384 5184
625 523 734 582 LIBER
754 521 956 585 SECUNDUS.
1264 528 1323 586 165

498 861 503 871 ·
604 817 858 888 CAP1TULUM
886 819 979 888 XVI.

260 1021 300 1076 De
316 1022 487 1095 expeditione
496 1024 572 1079 ducis
587 1024 812 1098 Burgundionum
828 1038 922 1080 contra
941 1026 1103 1092 Dinantum3
1122 1039 1149 1080 et
1162 1025 1197 1081 de
1212 1026 1322 1082 simuln-

295 1103 369 1157 tionc
378 1105 447 1176 regit
459 1107 632 1176 Francorum,
645 1108 768 1180 fingentis
783 1128 810 1162 se
823 1109 890 1163 velle
901 1107 965 1162 dure
978 1109 1007 1161 in
1020 1108 1219 1162 matrimonium
1232 1110 1324 1164 comiti

296 1182 331 1238 de
347 1185 475 1239 ctamtots
491 1188 577 1242 filiam*
587 1208 660 1244 suum
667 1212 675 1258 ;
687 1190 743 1261 qui,
756 1190 792 1242 cb
804 1208 862 1242 enm
877 1187 1034 1242 affinitatem
1047 1178 1236 1260 copulandum,
1251 1189 1324 1260 legn-

295 1265 396 1320 tionem
408 1267 555 1324 solemnem
565 1268 601 1323 ud
614 1289 703 1342 regem
717 1269 858 1324 destinavit
868 1269 886 1325 ¹.

310 1448 401 1517 Cum
416 1471 503 1520 vero
514 1447 590 1520 haec
604 1448 654 1523 itu
669 1475 734 1554 per
745 1472 866 1544 regem
878 1445 1048 1518 adversus
1060 1445 1206 1519 fratrem
1217 1469 1323 1518 suum

261 1574 297 1632 et
323 1563 477 1660 partium
503 1588 650 1636 suarum
673 1563 853 1637 studiosos
882 1562 1156 1655 factitarentur',
1180 1555 1323 1636 illustris

261 1701 383 1750 comes
396 1677 442 1752 de
460 1679 662 1775 Charolot's,
683 1681 764 1778 qui,
780 1680 833 1751 uti
855 1677 1032 1768 diximus,
1051 1677 1221 1752 adversus
1235 1683 1323 1750 Leo·

262 1794 414 1890 dienses,
436 1810 616 1870 uteorum
633 1812 752 1870 motus
766 1797 1039 1894 comprimeret,
1057 1818 1159 1866 suam
1174 1794 1325 1866 duxerat

262 1911 540 2011 expeditionem,
554 1903 911 1987 uSancti·Trudonis⁸
922 1911 1074 2012 oppido,
1089 1909 1187 2008 quod
1205 1908 1322 2012 eidem

261 2041 347 2098 tunc
360 2030 581 2128 proprioque
591 2029 739 2129 parebut
753 2030 923 2128 episcopo
932 2028 1090 2121 ‘,.exicns
1105 2051 1228 2100 versus
1239 2027 1325 2098 Leo·

261 2143 376 2239 dium,
394 2147 531 2244 trajecit
545 2147 582 2218 in
596 2172 743 2246 campos
759 2171 874 2246 prope
889 2143 998 2218 finem
1012 2145 1143 2217 mensis
1153 2145 1321 2242 junuarii.

261 2265 302 2332 ln
328 2287 421 2359 quos
445 2264 553 2336 etiam
573 2288 658 2337 cum
679 2289 698 2336 e
721 2263 863 2336 civitate
880 2263 1015 2335 Leodio
1034 2260 1227 2334 multitudo
1250 2285 1325 2360 po—

261 2381 336 2482 puli
364 2381 456 2455 male
474 2399 621 2456 ‘armata
650 2399 685 2457 et
709 2385 786 2455 sine
812 2380 940 2454 ordine
968 2381 1172 2474 exsiliisset,
1201 2381 1325 2480 paucis

262 2524 303 2571 ex
327 2499 379 2571 eis
400 2499 517 2593 caesis,
538 2500 694 2571 exterriti
711 2499 830 2570 caeteri
851 2521 975 2595 pacem
999 2513 1034 2570 et
1051 2497 1194 2570 veniam
1212 2495 1324 2593 petic-

262 2634 358 2692 runt.
378 2624 497 2708 Quum
519 2619 674 2718 quidem'
684 2619 760 2717 ipse
776 2617 920 2690 illustris
941 2641 1123 2718 comesex
1145 2639 1324 2688 consensu

261 2735 385 2836 patris,
404 2736 467 2834 qui
486 2758 596 2808 senex
612 2749 649 2806 et
665 2730 1003 2831 grandaevus'stabat
1019 2730 1200 2822 Brucellis,
1220 2731 1325 2804 certis

261 2849 399 2950 legibus
422 2850 563 2947 dedic,
593 2851 741 2924 minime
765 2863 883 2922 tamen
910 2846 1189 2921 Dinantensibus
1217 2847 1255 2919 in
1283 2843 1325 2920 ea

262 2970 551 3070 comprehensis,
573 2969 635 3068 qui
650 2967 784 3040 steteris
803 2965 1018 3040 Eburonum
1035 2963 1179 3064 populis
1198 2989 1324 3063 proca-

260 3087 375 3163 ciores
391 3101 425 3159 et
441 3084 643 3159 stolidiores
656 3099 770 3158 erant.

310 3208 355 3276 Et
375 3203 549 3302 quoniam
570 3203 639 3300 ipsi
659 3201 872 3274 Leodienses
894 3199 1044 3296 antiquo
1067 3196 1165 3296 pacis
1191 3194 1324 3276 foedere

261 3322 427 3420 nequiter
445 3345 468 3392 a
483 3345 522 3392 se
543 3317 691 3412 violatu,
710 3343 835 3418 poenus
852 3319 890 3390 in
909 3341 950 3390 eo
972 3312 1250 3415 comprehensas
1266 3314 1325 3384 in-

261 3452 465 3526 currerant,
493 3436 698 3532 damnaque
720 3435 940 3531 permaxima
973 3433 1009 3503 in
1037 3431 1140 3504 terris
1165 3429 1325 3502 finitimis

260 3555 458 3630 Brubuntiae
474 3570 510 3628 et
521 3556 712 3629 comitatus
727 3554 977 3626 Namurccnsis
993 3552 1141 3650 aliisque
1158 3550 1326 3649 adjacen·
1379 3623 1386 3638 ,

261 3671 373 3766 tibus,
391 3673 437 3748 ad
461 3672 594 3746 ducem
611 3668 829 3766 'Burgundiae
853 3668 1111 3769 spectantibus
1132 3666 1327 3739 intulerant

301 3912 330 3967 t.
355 3903 490 3982 Chapitrc
505 3901 603 3982 publie'
621 3902 693 3962 dans
714 3899 922 3978 l’Amptt’ssima
937 3903 1073 3970 collectio,
1086 3909 1108 3956 t.
1121 3899 1172 3964 IV,
1183 3893 1241 3954 ool.
1253 3897 1326 3956 ttt.
1415 3933 1418 3940 -

301 4000 330 4056 Ξ.
352 3999 507 4056 Factitaret
520 3992 591 4052 dans
604 3992 632 4051 le
646 4010 700 4050 ms.

303 4091 332 4147 3.
355 4084 544 4144 Saint-Tron.

303 4182 332 4239 t.
355 4171 548 4236 cust-unire
562 4176 579 4230 ὰ
592 4171 728 4250 l’eveque
744 4169 780 4230 de
796 4167 894 4249 [iege.

303 4271 332 4324 5.
355 4263 521 4340 tdjauvier
535 4265 625 4325 truc.
