3322 5172
385 603 443 664 ³88
658 599 913 661 mstonltnun
929 597 1107 655 Lunovtct
1126 598 1169 654 Xl

433 737 524 808 Cum
546 747 665 808 autem
681 733 804 833 paucis
828 730 900 804 illie
915 730 1041 804 diebus
1065 730 1131 828 ipsi
1150 729 1330 800 Suitenses
1348 747 1437 799 con·

384 849 569 944 sedissent,
595 851 717 948 copias
741 874 824 922 snas
847 848 1101 945 undecumque
1117 859 1295 944 'poterant
1315 868 1439 940 aggre-

384 980 519 1065 gantes,
538 966 684 1062 singulis
709 991 822 1065 prope
837 964 964 1037 diebus
988 959 1286 1059 Burgundionum
1307 959 1383 1031 dux'
1401 959 1438 1028 in

384 1106 553 1181 campum
573 1082 731 1154 ecastris
747 1081 819 1152 suis
842 1104 921 1151 suas
945 1080 1037 1151 acies
1058 1102 1133 1150 non
1151 1090 1289 1149 remote
1316 1099 1338 1146 a
1357 1073 1439 1147 loco

385 1198 530 1270 obsesso
545 1194 736 1288 educebat,
756 1195 945 1298 opperiens
960 1195 992 1266 si
1007 1195 1097 1266 sorte
1110 1193 1253 1284 hostes,
1281 1192 1344 1290 qui
1366 1207 1439 1264 tam

383 1339 497 1413 prope
513 1326 625 1404 erant,
640 1312 686 1386 ad
702 1327 882 1384 certamen
895 1309 1171 1384 descendissent.
1182 1309 1290 1398 Quod
1303 1308 1443 1380 cumfa-

383 1453 463 1502 cere
475 1444 608 1500 temere
621 1453 697 1501 non
706 1442 953 1526 properarent,
966 1425 1114 1499 tandem
1125 1424 1281 1523 quadam
1291 1424 1350 1497 die
1361 1421 1441 1496 sab-

383 1544 471 1632 bati,
483 1569 561 1641 quae
577 1559 652 1616 erat
668 1544 743 1617 dies
757 1543 925 1617 vicesima
936 1543 1058 1614 tertia¹
1076 1542 1207 1614 mensis
1218 1541 1325 1638 junii,
1347 1563 1443 1612 anno

384 1662 529 1734 Domini
546 1685 830 1750 noceamve,
844 1659 1079 1731 decreverunt
1098 1657 1144 1729 ad
1161 1656 1407 1730 dimicandum
1423 1680 1444 1727 e

384 1780 508 1852 castris
526 1779 599 1851 suis
617 1775 826 1876 procedere,
846 1777 934 1848 etin
951 1774 1095 1875 patulos
1111 1800 1258 1875 campos
1275 1774 1445 1849 adversus

384 1894 505 1969 hostes
528 1895 678 1966 exsilire.
706 1897 793 1982 Quae
809 1917 867 1965 res
882 1917 967 1964 cum
990 1891 1263 1988 Burgundiones
1285 1916 1361 1962 non
1388 1888 1446 1961 la-

349 2079 352 2087 .
385 2013 520 2102 tuisset,
540 2007 839 2106 Burgundionum
857 2007 943 2096 dur,
961 2007 1060 2080 velut
1084 2027 1193 2080 mone
1209 2021 1246 2079 et
1266 2005 1446 2078 dilationis

386 2128 590 2198 certaminis
621 2127 829 2225 impatiens,
856 2124 956 2196 bono
980 2147 1087 2210 mane
1108 2124 1231 2223 copias
1254 2147 1347 2215 suas,
1372 2136 1446 2195 tam

385 2242 546 2336 equitum
570 2265 679 2337 quarn
703 2238 888 2340 peditum,
915 2240 951 2311 in
977 2263 1146 2339 campum
1163 2239 1285 2312 eduxit
1300 2253 1336 2312 et
1354 2239 1446 2310 acies

386 2380 469 2428 suas
483 2356 677 2428 ordinavit.

434 2478 572 2572 Verum
588 2497 673 2545 cnm
689 2485 766 2543 tota
781 2471 874 2543 illius
889 2470 960 2543 diei
974 2472 1074 2570 prior
1087 2493 1184 2571 pars,
1204 2495 1318 2570 usque
1333 2494 1447 2570 prope

388 2589 595 2681 meridiem,
623 2588 762 2684 magnis
785 2603 820 2658 et
839 2586 992 2658 taediosis
1015 2585 1191 2660 imbribus
1212 2587 1443 2679 exundasset,

389 2720 515 2777 ettam
540 2703 706 2776 homines
733 2726 843 2800 quam
866 2725 979 2799 equos
1003 2702 1226 2777 miromodo
1252 2702 1425 2799 fatigasset
1435 2735 1451 2792 ,-

389 2843 559 2918 armaque
577 2819 685 2891 etiam
700 2833 736 2892 et
752 2843 854 2890 arcus
879 2817 1128 2891 deteriorasset
1142 2843 1223 2890 non
1239 2819 1446 2904 modicum,

389 2959 474 3026 cum
492 2960 529 3006 se
556 2934 647 3006 infra
668 2958 734 3006 sua
757 2948 844 3005 tunc
861 2947 979 3005 castra
994 2933 1174 3006 Suitenses
1197 2935 1444 3028 continerent,

390 3048 437 3121 et'
450 3049 561 3124 fames
587 3049 859 3147 Burgundiones
893 3073 1091 3147 eorumque
1117 3073 1230 3147 equos
1255 3073 1448 3149 perurgere

391 3161 555 3259 coepisset
579 3159 664 3257 (qui
690 3158 795 3231 toedio
817 3183 948 3255 magno
973 3183 1039 3259 per
1064 3157 1124 3231 se'x
1152 3159 1263 3232 ferme
1283 3161 1390 3234 boras
1409 3162 1445 3231 iu

392 3275 480 3369 acie,
502 3272 832 3373 continuisperfusi
848 3273 1036 3366 imbribus,
1055 3276 1314 3376 constiterant),
1331 3279 1367 3349 in
1383 3301 1447 3349 sua

392 3413 454 3463 eos
476 3388 594 3462 redire
617 3401 748 3478 castra,
774 3387 975 3462 refectionis
991 3393 1103 3488 gratia
1125 3393 1356 3492 accipiendae,
1375 3394 1447 3467 dux

391 3505 468 3603 ipse
495 3502 680 3602 praecepit,
703 3503 818 3574 locata
848 3504 1006 3602 quadam
1035 3508 1196 3605 equitum
1226 3523 1261 3582 et
1284 3509 1447 3608 peditum

392 3644 540 3692 suorum
553 3619 720 3717 portione
731 3619 768 3691 in
779 3619 937 3717 quodam
952 3620 1048 3716 loco,
1063 3647 1134 3721 qua
1151 3624 1374 3699 Suitensibus
1389 3625 1447 3700 ad·

382 3735 560 3838 ,veniendi
574 3735 774 3808 facultatem
785 3750 907 3835 patere
923 3739 1155 3832 existimabat,
1173 3767 1218 3814 ne
1230 3742 1321 3814 sorte
1333 3741 1449 3815 subita

393 3856 592 3956 irruptione
606 3852 652 3926 ab
669 3854 753 3954 ipsis
769 3855 952 3954 inopinate
969 3857 1090 3930 invadi
1106 3873 1237 3956 posset.

442 3978 554 4044 Porro
572 3996 655 4044 cum
669 3970 869 4044 reficiendis
885 3973 985 4045 lassis
997 3973 1187 4046 hominum
1201 3999 1449 4074 equorumque

434 4257 463 4311 t.
487 4253 621 4332 Corrigez
639 4255 780 4328 secunda,
798 4271 847 4312 car
867 4253 895 4312 la
915 4251 1031 4314 banille
1045 4254 1083 4315 de
1097 4259 1191 4317 Morat
1209 4269 1258 4316 eut
1277 4255 1334 4315 lien
1348 4255 1376 4314 le
1397 4277 1448 4316 sa·

391 4341 485 4416 medi,
501 4343 539 4400 22
550 4340 615 4416 juin
630 4343 718 4400 tart.
