3014 5010
506 436 616 494 LIBER
636 434 785 493 PRIMUS.
1134 436 1167 492 dl

118 593 194 644 non
217 567 352 665 absque
372 564 574 662 ingentibus
591 586 743 635 moerore
759 576 795 632 et
813 561 977 634 lamentis
1001 563 1036 634 in
1055 563 1172 634 scotia

120 683 255 757 relicto.
294 757 296 760 ,

168 800 250 871 llaec
270 798 365 869 luere
389 797 536 888 auxilia,
564 795 640 866 haec
662 794 893 866 humanitatis
925 795 1048 865 solatia
1069 819 1172 890 quae,

120 911 167 986 ad
182 937 301 1011 regem
319 918 553 1004 Francorum,
576 924 676 983 tanto
693 910 967 1008 propinquitatis
990 934 1085 981 nexu
1106 910 1174 981 sibi

120 1030 269 1128 viroque
293 1053 359 1101 suo
386 1028 640 1123 conjunctum,
670 1025 899 1122 confugiens,
931 1028 1007 1125 ipsa
1031 1027 1176 1101 illustris

122 1144 315 1240 Anglorum
333 1145 453 1241 regina
469 1144 606 1214 invenit
632 1168 639 1212 :
667 1140 772 1239 longe
788 1141 948 1240 profecto
967 1166 1007 1213 ac
1025 1142 1175 1213 nimium

120 1259 176 1334 his
198 1261 368 1360 imparia,
397 1283 477 1357 quae
501 1259 581 1357 pius
602 1258 743 1353 genitor
767 1282 851 1329 suus
874 1256 1021 1330 Carolus
1044 1256 1176 1330 eisdem

122 1376 194 1449 suis
208 1377 333 1475 nepoti
356 1377 524 1473 neptique
543 1429 553 1464 ,
581 1371 649 1445 nisi
667 1373 704 1443 in
721 1370 792 1466 sata
807 1373 1038 1446 concessisset
1057 1428 1066 1465 ,
1091 1396 1178 1472 prm·

121 1506 212 1567 stare
227 1492 437 1592 adparabat.
1056 1482 1064 1495 '

469 1791 723 1863 CAPITULUM
750 1794 824 1862 XV.

124 1998 244 2067 Qualiter
255 1996 417 2051 Francorum
428 2012 475 2050 rex
487 2014 548 2050 cum
558 1995 695 2064 Edoardo‚
706 1998 853 2069 Anglorum
864 1994 1010 2072 [tyranno],
1022 1997 1099 2050 binas
1110 2009 1181 2052 treu-

159 2097 205 2153 gas
219 2078 277 2131 iniit
288 2079 403 2131 exitiales
412 2078 543 2144 ilenrico,
556 2080 701 2150 Anglorum
713 2079 782 2150 regi,
801 2079 962 2133 consobrino
977 2097 1040 2146 ωας
1056 2079 1103 2150 qui
1113 2079 1182 2135 deli·

160 2172 260 2214 teseenr
269 2161 296 2211 in
306 2160 465 2212 monasterio
475 2178 560 2232 prope
570 2159 636 2213 finer
647 2160 721 2231 regni
732 2160 783 2225 sui,
795 2159 918 2231 proditus
928 2158 1065 2228 Edoardo,
1079 2160 1112 2214 ab
1123 2160 1182 2233 ipso

160 2238 189 2293 in
199 2239 280 2293 Turri
294 2236 496 2292 Londoniarum
510 2239 608 2294 carceri
619 2252 657 2293 est
668 2239 842 2312 mancipatus.

174 2422 244 2496 Sed
262 2437 296 2494 et
318 2446 393 2493 non
410 2420 516 2516 longe
536 2432 727 2517 postquam
745 2419 871 2491 eadem
889 2421 1010 2515 regina
1026 2422 1062 2492 in
1074 2426 1181 2495 Fran·

126 2539 218 2612 ciam
235 2538 462 2625 adventarat,
481 2548 516 2606 et
533 2533 649 2606 eidem
664 2533 783 2605 verbis
803 2559 932 2631 magna
949 2561 985 2607 se
1003 2536 1183 2610 exhibitu·

128 2678 208 2725 rum
235 2653 360 2724 solatia
385 2677 444 2723 rex
472 2648 745 2748 spoponderat,
777 2649 896 2721 modis
922 2652 1091 2723 omnibus
1119 2677 1184 2751 per

126 2770 286 2842 medium
303 2769 441 2840 comitis
458 2767 503 2838 de
519 2765 717 2855 Waru'clr,
737 2790 844 2860 quern
867 2791 1083 2865 magnopere
1098 2783 1184 2840 tunc

127 2885 289 2976 colebat,
317 2883 489 2954 amicitias
504 2896 611 2976 atque
637 2880 769 2953 loedera
787 2882 942 2954 Eduardi
969 2886 1058 2979 regis
1076 2910 1182 2984 expe·

128 3017 200 3074 tere
213 3026 250 3073 se
265 2998 431 3071 ostendit.
449 2994 669 3093 ignoscebat
681 2997 849 3067 cumdem
863 3000 1029 3071 comitem
1038 3015 1182 3073 versuto

128 3117 316 3188 callentem
335 3115 497 3210 ingenio,
522 3113 568 3184 ad
592 3111 804 3183 tradimenta
821 3137 862 3183 ac
880 3114 1101 3211 proditiones
1124 3119 1183 3188 in·

128 3247 364 3303 strumentum
382 3230 578 3318 idoneum,
608 3252 755 3326 sperans
780 3228 855 3323 ejus
877 3242 981 3323 astu,
1008 3231 1184 3330 quidquid

129 3347 383 3437 desiderasset,
422 3370 525 3444 posse
554 3344 723 3440 consequi
754 3343 799 3414 de
833 3344 1028 3440 anglorum
1055 3372 1180 3445 regno.

131 3463 233 3535 Unde
260 3462 426 3534 eumdem
455 3461 623 3531 comitem
648 3459 780 3558 pluries
803 3459 1001 3534 sollicitavit
1026 3463 1183 3534 muneri·

129 3580 267 3677 busque
294 3578 436 3677 pellexit
463 3591 523 3666 nt,
557 3576 603 3647 ad
621 3576 841 3672 colloquium
864 3601 947 3647 cum
968 3601 1012 3649 eo
1035 3576 1183 3650 familia·

130 3695 203 3768 rius
227 3692 452 3782 habendum,
475 3691 531 3762 rel
552 3690 599 3761 ad
619 3688 914 3783 Abbatisvillani¹,
942 3690 997 3762 vel
1019 3691 1065 3764 ad
1086 3692 1183 3765 aliud

171 3905 198 3959 l.
222 3895 346 3956 Richard
364 3895 463 3967 Nevil,
483 3907 576 3953 comte
599 3893 636 3952 de
651 3894 792 3952 Warwicl
813 3907 840 3952 et
861 3894 897 3954 de
916 3894 1075 3976 Salisbury,
1092 3897 1183 3976 grand

130 3985 293 4050 chambrier
305 3983 516 4061 d'Angleterre,
527 3982 553 4039 le
565 3984 657 4040 meme
669 3980 739 4040 dont
750 3982 770 4040 il
784 3984 855 4042 ae'tc
864 3983 944 4063 parle
958 3984 1030 4065 dana
1038 3982 1185 4045 l’flistoira

130 4077 167 4136 de
180 4076 296 4136 Charles
310 4076 374 4144 Vll,
389 4073 409 4130 l.
425 4075 461 4145 V,
478 4092 503 4130 c.
520 4091 580 4127 xrr.
1012 4088 1015 4092 ·

170 4170 199 4224 2.
222 4163 384 4225 abbeville.
