3272 5182
594 582 702 638 LIBER
730 583 895 640 Tanatus.
1216 585 1274 642 223

582 921 836 990 CAPtToLUM
862 923 904 989 ll.

215 1119 253 1172 De
263 1117 380 1173 amicitia
391 1119 529 1172 conciliata
540 1137 589 1192 per
604 1120 767 1172 Francorum
779 1137 879 1189 regem,
892 1119 962 1173 inter
974 1121 1159 1192 Margaretam,
1174 1123 1274 1194 Aaglo·

249 1216 310 1252 rum
330 1199 464 1270 reginam,
479 1213 505 1254 et
521 1203 577 1272 ejus
595 1201 695 1266 filium,
710 1213 736 1254 et
756 1201 878 1253 comitem
898 1199 932 1254 de
953 1201 1083 1262 Warviete
1101 1201 1175 1254 etde
1192 1203 1275 1274 ipsius

249 1279 353 1333 comitis
364 1280 475 1352 rapinis,
489 1293 515 1334 et
528 1281 607 1334 classe
619 1295 712 1334 contra
725 1299 785 1334 eum
797 1280 923 1334 instructa
935 1299 982 1352 per
993 1279 1089 1334 ducem
1100 1280 1273 1353 Burgundio.

263 1463 325 1532 His
349 1461 456 1557 igitur
474 1458 627 1533 libenter
647 1474 682 1530 et
700 1458 917 1556 gratulanter
939 1485 1003 1558 per
1026 1483 1146 1556 regem
1164 1463 1273 1532 Fran·

213 1601 339 1650 corum
367 1577 574 1668 intellectis,
600 1578 718 1648 statim
745 1577 789 1647 ad
817 1601 854 1647 se
882 1576 1063 1674 praelatam
1088 1577 1274 1650 dominam

213 1693 450 1790 Margaretam'
463 1717 549 1764 cum
567 1692 643 1788 ejus
669 1691 762 1781 filio,
790 1693 852 1788 qni
870 1693 945 1788 jam
963 1715 1077 1763 annos
1094 1693 1213 1790 plures
1237 1693 1274 1764 in

213 1808 344 1880 ducatu
363 1807 546 1894 Barrensi,
567 1822 662 1879 terra
679 1807 849 1902 genitoris
865 1808 933 1898 sui,
951 1807 1075 1878 Siciliae
1091 1808 1195 1904 regis,
1215 1805 1276 1879 de·

213 1923 396 2014 lituerant,
428 1923 593 1994 accersiri
623 1922 717 1994 lecit.
746 1923 816 2010 Qui
842 1921 918 2019 ejus
940 1938 1107 2021 parentes
1120 1921 1276 2019 jussibus

215 2041 347 2138 (neque
363 2041 460 2112 eninr
477 2039 578 2114 aliter
591 2038 643 2111 eis
656 2063 759 2135 agere
776 2038 944 2135 licuisset)
963 2038 1009 2110 ad
1023 2039 1158 2110 curiam
1173 2062 1276 2110 suam

213 2171 450 2231 accesserunt.
480 2161 562 2245 Quo
580 2182 663 2229 cum
681 2157 877 2243 venissent,
898 2157 1155 2229 interveniente
1171 2181 1215 2228 eo
1234 2179 1275 2229 ac

213 2275 411 2365 mediante,
448 2273 494 2345 de
520 2273 653 2346 foedere
679 2287 715 2345 et
741 2274 897 2345 amicitia
923 2274 1033 2371 ipsius
1062 2273 1203 2345 comitis
1230 2273 1276 2346 de

215 2389 385 2463 Warvr'clt
404 2415 488 2460 cum
511 2391 561 2462 cis
578 2390 810 2488 copulandis,
831 2389 1083 2484 donandisque
1101 2405 1136 2461 et
1152 2391 1277 2462 remit-

213 2505 330 2577 tendis
352 2505 515 2604 priorum
542 2521 747 2602 temporum
764 2504 919 2599 injuriis,
939 2517 1107 2575 tractatus
1126 2529 1275 2602 magnus

213 2619 358 2694 habitus
373 2636 426 2692 est
437 2625 459 2692 ¹.

262 2739 304 2806 Et
321 2750 397 2807 erat
412 2735 560 2833 quidem
578 2735 701 2830 regina
716 2733 794 2831 ipsa
809 2736 1006 2829 Margareta
1025 2757 1099 2804 non
1114 2734 1223 2806 tacitis
1238 2749 1277 2807 ut

212 2851 257 2923 ad
285 2852 392 2924 talem
409 2851 737 2924 reconciliationem
756 2849 885 2921 adduci
903 2865 1045 2949 possct;
1070 2851 1128 2922 cni
1142 2853 1276 2950 quippe

214 2981 266 3038 tot
293 2981 438 3065 tamque
469 2981 607 3066 turpes,
630 2965 781 3038 infames
798 2982 905 3064 atque
920 2966 1114 3065 probrosas
1130 2969 1276 3065 injurias

214 3083 288 3178 ipse
306 3084 464 3182 perfidus
484 3084 655 3156 Warriclt
673 3082 863 3175 intulisset,
883 3083 1063 3180 vulgoque
1079 3108 1144 3181 per
1160 3099 1275 3156 totum

214 3199 344 3293 Angtiae
378 3225 529 3295 regnam
554 3199 777 3270 disseminari
805 3189 963 3290 lecerat’,
995 3212 1035 3270 ut
1063 3222 1275 3296 generosum

213 3326 319 3384 tantas
332 3315 487 3388 dominae
502 3330 625 3414 pectus
642 3314 713 3387 ulla
732 3340 892 3412 unquam
910 3313 1094 3387 oblivione
1112 3331 1276 3389 excutere

213 3453 272 3501 eas
289 3455 392 3529 posse
408 3455 482 3502 non
499 3446 697 3530 putaretur.
714 3431 784 3504 Sed
800 3431 1053 3525 nihilominus,
1073 3433 1276 3504 interventu

214 3549 433 3619 Francorum
456 3549 567 3644 regis,
592 3561 732 3621 tantum
762 3547 809 3621 ad
840 3571 920 3621 eam
949 3547 1276 3623 reconciliationem

254 3785 283 3840 l.
306 3779 405 3839 Julllet
422 3784 510 3841 llll).

253 3875 282 3930 2.
308 3897 323 3926 ι
338 3873 468 3948 Warnyc
484 3869 582 3930 t'avotr
597 3870 648 3928 sait
661 3868 809 3950 preschier
824 3869 867 3943 (le
882 3870 983 3949 prinae
998 3872 1034 3932 de
1047 3873 1158 3948 Galles)
1175 3871 1276 3952 publi-

212 3973 349 4040 qucmcnt
369 3963 385 4018 a
404 3959 550 4034 Londres,
574 3972 602 4018 et
623 3979 658 4018 cn
678 3959 817 4037 presence
838 3958 874 4018 de
894 3959 921 4018 la
943 3963 1037 4032 mere,
1059 3973 1203 4020 comment
1222 3960 1277 4019 elle

213 4053 296 4112 estoit
310 4049 416 4108 semme
432 4049 549 4108 ahontie
567 4048 604 4108 de
622 4067 674 4106 son
689 4066 790 4125 corps3
805 4061 833 4106 et
849 4068 907 4126 que
925 4049 1045 4108 l'cnlaot
1059 4048 1166 4127 qu’elle
1183 4048 1278 4108 laisoit

212 4143 339 4204 accroire
354 4151 429 4198 estre
443 4139 487 4198 fils
501 4139 541 4199 du
554 4159 608 4218 roy
619 4143 732 4214 Henry,
747 4140 831 4199 estoit
841 4160 901 4220 ung
913 4142 1026 4202 collant
1038 4141 1075 4200 de
1088 4139 1276 4216 fornicacion,

212 4230 365 4311 empruntd
379 4248 416 4288 en
429 4228 531 4308 pochi&
543 4249 615 4288 avec
628 4247 687 4308 ung
699 4225 748 4288 bas
760 4229 886 4290 homme.
900 4257 914 4286 a
929 4230 1112 4300 Chastellain,
1130 4241 1204 4308 part.
1222 4232 1276 4305 111,

214 4321 260 4377 ch.
276 4341 341 4380 ccv.
