3322 5172
390 575 447 632 ³04
662 571 921 634 mstuutmm
941 573 1121 632 Luuovtct
1138 574 1182 632 XI

388 706 463 780 lato
477 719 589 800 metu,
606 704 801 804 plurimum
817 719 855 778 et
869 705 980 778 animi
1000 721 1035 777 et
1051 704 1192 780 fiduciae
1213 706 1315 780 facile
1332 709 1457 808 oppri-

390 822 513 896 mendi
533 822 831 921 Burgundionum
849 821 979 894 ducem
994 822 1219 896 accrescebat
1232 827 1454 897 Francorum

391 939 493 1038 regi),
512 937 655 1012 difficile
671 938 983 1038 periculosumque
998 938 1103 1012 valde
1120 939 1205 1012 duci
1222 940 1356 1030 luisset,
1375 939 1455 1012 tali·

384 1054 458 1127 bus
469 1053 607 1128 auxiliis
623 1054 805 1145 destituto,
823 1051 1016 1152 dequibus
1034 1056 1190 1128 maxime
1208 1079 1351 1154 semper
1367 1080 1457 1127 con·

391 1169 476 1244 lisus
500 1171 605 1244 luisse
619 1168 832 1263 videbatur,
850 1170 943 1242 vires
958 1184 994 1242 et
1009 1171 1210 1270 potentiam
1229 1171 1329 1267 regni
1348 1175 1458 1242 Fran·

391 1312 517 1360 corum
540 1287 731 1360 adversum
758 1310 796 1358 se
821 1285 1026 1358 sustinere:
1051 1288 1247 1387 praesertim
1278 1311 1362 1359 cum
1388 1311 1459 1358 nec

392 1403 493 1476 ducis
517 1401 721 1488 britanniae,
750 1401 814 1499 qui
837 1401 912 1498 jam
935 1416 1086 1500 perante
1115 1401 1182 1474 sub
1211 1402 1344 1499 treugis
1370 1427 1459 1473 cum

392 1541 474 1612 rege
488 1515 656 1606 vivebas,
672 1541 739 1588 nec
754 1516 922 1606 aliorum,
937 1540 1030 1613 quos
1047 1515 1114 1590 sibi
1133 1519 1169 1588 in
1185 1541 1298 1613 regno
1315 1516 1460 1588 occulte

393 1634 584 1708 loederatos
601 1635 777 1727 habebat,
801 1633 934 1709 anxilio
954 1631 1086 1720 debere
1114 1635 1292 1708 consolari
1311 1647 1459 1735 sperare

392 1765 533 1850 posset,
559 1766 596 1823 et
610 1750 731 1824 hostes
756 1749 1013 1822 infensissimos
1035 1775 1058 1823 a
1082 1766 1182 1849 tergo
1201 1749 1354 1823 haberet
1375 1752 1459 1822 Sui·

393 1868 547 1939 tensium
567 1866 743 1966 populos,
762 1891 846 1938 curn
863 1866 984 1938 multis
1002 1867 1080 1940 aliis
1101 1867 1324 1968 principibus
1341 1881 1378 1940 et
1394 1893 1459 1940 co-

394 1981 700 2081 m[mun]itatibus
716 1983 935 2072 Germaniae,
954 1983 1090 2055 eisdem
1106 1984 1153 2056 ad
1172 1983 1461 2083 opprimendum

394 2113 441 2190 et,
461 2100 490 2170 si
506 2114 664 2197 possent,
683 2095 981 2196 exstinguendum
1004 2100 1303 2199 Burgundionum
1320 2125 1460 2173 nomen

393 2214 572 2288 loederatis
587 2229 623 2287 et
637 2214 824 2311 colligatis.

443 2331 688 2404 Necessarium
707 2331 827 2428 itaque
846 2330 1120 2428 quodammodo
1139 2347 1217 2405 erat
1237 2332 1322 2406 duci
1348 2330 1462 2405 absti-

393 2446 554 2518 nentiam
577 2445 662 2518 belli
678 2471 762 2518 cum
775 2450 995 2519 Francorum
1015 2471 1097 2545 rege
1115 2449 1219 2522 inire.
1239 2453 1284 2520 Et
1310 2448 1463 2524 faculta-

394 2575 467 2635 tem
486 2562 632 2660 quidem
657 2586 697 2634 ea
713 2562 897 2661 potiundi,
917 2564 946 2634 si
968 2563 1098 2654 vellet,
1119 2563 1316 2662 auglorum
1338 2591 1398 2637 rex
1421 2567 1461 2638 in

395 2680 507 2778 pactis
527 2680 600 2752 suis
620 2677 687 2751 sibi
710 2695 925 2769 reservarat;
947 2705 987 2753 ex
1006 2706 1080 2778 quo
1097 2683 1194 2752 tum¹
1210 2703 1291 2754 eam
1309 2680 1377 2753 sibi
1396 2707 1463 2781 po·

394 2797 461 2867 tuit
480 2793 615 2868 lucilius
631 2820 653 2869 a
669 2795 813 2870 Francis
831 2795 1007 2869 obtinere.
1030 2801 1162 2869 Verum
1178 2823 1263 2870 cum
1280 2821 1347 2897 pro
1363 2823 1407 2872 ea
1422 2825 1464 2872 rc

394 2909 529 3008 legatos
541 2911 585 2984 ad
599 2917 819 2985 Francorum
829 2937 950 3010 regem
963 2910 1187 3003 destinasset,
1199 2914 1337 2988 curavit
1352 2913 1463 2987 etiam

394 3048 434 3130 ut
450 3048 581 3132 treugae
602 3035 730 3108 fiendae
748 3035 937 3108 utilitatem
960 3033 1028 3106 sibi
1055 3033 1243 3122 allerrent,
1261 3049 1297 3107 et
1320 3036 1465 3133 specia-

394 3151 487 3224 libus
512 3151 650 3250 legibus
675 3177 731 3225 res
757 3177 839 3225 eum
857 3153 1120 3252 contingentes,
1140 3153 1335 3252 expressim
1351 3166 1465 3250 atque

395 3269 622 3364 nominatim,
647 3283 764 3344 essent
780 3269 932 3368 publicis
949 3269 1113 3369 apicibus
1130 3268 1333 3366 designata.

444 3385 536 3456 Sane
552 3400 637 3458 tunc
656 3385 829 3481 temporis
846 3383 1000 3456 maxime
1017 3383 1207 3458 affectabat
1223 3409 1287 3456 rex
1302 3388 1464 3456 Franco·

396 3525 477 3571 rum
493 3501 622 3598 punire
638 3524 708 3571 suae
731 3499 864 3573 militiae
888 3501 1111 3600 principem,
1131 3525 1241 3598 quem
1264 3525 1375 3600 supra
1402 3527 1465 3575 re·

435 3709 464 3764 l.
477 3709 518 3764 La
527 3707 610 3766 treve
618 3708 880 3788 entrelaBretagne
889 3719 917 3768 et
925 3707 954 3767 la
962 3709 1072 3768 France
1080 3703 1464 3784 avaitlinilel·'maill'lll,

394 3809 423 3855 et
436 3796 464 3855 le
477 3795 553 3874 due,
573 3799 657 3876 apres
672 3798 755 3856 avoir
771 3798 831 3876 pris
845 3797 967 3856 alliance
981 3816 1051 3856 arec
1064 3796 1093 3856 le
1109 3797 1154 3856 roi
1166 3795 1386 3878 d'Angleterre,
1407 3815 1465 3856 ve-

393 3887 455 3946 nait
476 3886 512 3946 de
528 3906 697 3964 convoquer
709 3906 763 3948 son
782 3885 976 3946 arriere-ban.
995 3889 1070 3946 C'est
1086 3907 1156 3946 avec
1173 3887 1270 3945 raison
1291 3886 1466 3947 neanmoins

393 3995 450 4055 que
466 3975 592 4037 l'auteur
608 3975 650 4034 dit
666 3997 723 4054 que
739 3976 858 4038 Clnrles
873 3977 900 4037 le
917 3977 1081 4038 Tdrneraire
1098 3977 1208 4038 n'avait
1223 3997 1275 4057 pas
1296 3981 1313 4035 a
1330 3991 1466 4058 compter

394 4085 445 4126 sur
453 4064 696 4139 lui,carltladate
703 4065 742 4126 du
751 4068 790 4125 20
797 4067 904 4143 juillet,
918 4066 939 4125 il
950 4065 1040 4140 jurait
1049 4087 1107 4126 aux
1120 4068 1248 4146 envoyes
1258 4066 1390 4126 delouis
1399 4071 1462 4127 XI:

397 4179 414 4210 ι
434 4153 504 4233 qu'il
528 4173 566 4214 ne
581 4153 694 4214 rouloit
716 4168 793 4215 estre
810 4156 938 4236 auglois,
955 4167 984 4216 et
995 4155 1098 4230 jamnis
1116 4175 1154 4216 ne
1168 4155 1309 4236 porteroit
1331 4155 1360 4215 la
1380 4156 1464 4216 croix

396 4262 497 4324 rouge.
520 4267 535 4298 s
552 4249 626 4304 Doni
640 4245 760 4320 Moriee,
775 4265 836 4326 pr.,
851 4259 873 4305 t.
890 4249 952 4320 111,
967 4245 1024 4307 col.
1041 4247 1111 4320 272,
1127 4247 1198 4307 2¹ll.

436 4335 466 4392 2.
492 4335 559 4392 eum
574 4333 645 4394 dans
656 4333 684 4394 le
698 4353 752 4396 ms.
