3272 5182
548 571 656 628 LIBER
684 573 886 631 SECUNDUS.
1190 579 1247 636 att

188 727 291 776 suam
330 701 555 801 plurimaque
594 704 630 774 in
671 703 832 776 moribus
864 706 1110 798 vitiosissima,
1145 707 1248 780 valde

188 817 347 914 exosus),
364 818 427 890 sed
443 843 484 891 ea
501 835 575 892 tam
593 818 748 892 absurda
763 835 798 892 et
815 820 962 893 ridicula
981 822 1065 894 viris
1083 822 1250 917 gravibus

188 959 264 1006 esse
287 933 502 1020 ferebantur,
532 949 588 1024 ut,
610 960 683 1006 non
705 948 934 1033 propterea,
958 935 1022 1007 sed
1042 952 1190 1036 propter
1211 939 1249 1011 id

187 1051 365 1151 praecipue
386 1051 485 1148 quod
506 1066 632 1123 auctor
652 1052 689 1123 in
713 1050 937 1125 consulendo
957 1068 992 1126 et
1013 1054 1153 1149 agendo
1172 1055 1250 1128 sue·

187 1181 242 1240 rat
255 1181 295 1239 ut
309 1167 386 1266 paci
400 1166 463 1257 illi,
482 1191 591 1265 quam
604 1167 641 1238 in
658 1171 794 1238 Perona
813 1167 941 1240 sacram
959 1167 1126 1260 diximus,
1145 1196 1250 1244 suum

187 1307 247 1356 rex
265 1281 573 1354 accommodasset
589 1305 787 1373 assensum,
806 1283 1052 1383 apprehensus
1069 1300 1105 1356 et
1123 1286 1159 1356 in
1176 1311 1251 1359 car·

188 1423 305 1472 cerem
318 1398 501 1495 conjectus
512 1397 618 1470 luisse
630 1397 846 1470 crederetur.
862 1399 971 1487 Quod
988 1415 1123 1497 quanto
1140 1405 1252 1500 magis

188 1514 284 1614 apud
300 1512 514 1611 Burgundiae
526 1513 657 1585 ducem
672 1511 851 1587 occultare
866 1529 901 1586 et
917 1514 1054 1587 diluere
1067 1540 1126 1588 rex
1144 1540 1252 1591 cona·

188 1646 298 1724 retur,
312 1645 413 1703 tanto
430 1630 592 1728 profecto
610 1628 656 1701 de
673 1653 716 1702 ea
733 1654 784 1721 re,
799 1644 834 1702 et
851 1629 898 1702 de
915 1630 1100 1703 voluntate
1118 1632 1251 1706 dissol-

188 1746 294 1818 vendi
308 1746 513 1846 praedictam
529 1769 655 1846 pacem
672 1761 778 1844 atque
795 1745 841 1819 ab
857 1771 899 1819 ea
916 1737 1108 1837 resiliendi,
1127 1753 1253 1822 certio-

188 1887 265 1933 rem
288 1861 355 1933 sibi
379 1861 590 1961 opinionem
613 1861 809 1959 ingerebat.
836 1867 908 1934 Nec
932 1863 1040 1936 etiam
1066 1889 1150 1936 eum
1174 1867 1251 1938 talis

188 1977 310 2050 fefellit
333 1978 477 2077 opinio,
496 1977 806 2075 quemadmodum
829 2003 896 2050 suo
924 1979 1006 2050 loco
1030 1981 1067 2050 in
1098 2005 1251 2079 sequen-

188 2091 282 2164 tibus
302 2092 517 2165 luculentius
537 2108 643 2191 atque
665 2094 886 2166 manifestius
906 2093 1105 2194 apparebit.
1129 2096 1248 2190 Unde,

188 2224 359 2306 tanquam
371 2209 426 2280 vir
437 2210 583 2306 ingenio
598 2224 633 2282 et
644 2208 836 2309 prudentia
848 2212 1031 2308 insigniter
1045 2213 1249 2307 instructus,

186 2324 263 2423 ipse
286 2324 359 2396 dux
383 2349 426 2396 ex
449 2325 511 2398 illo
529 2352 605 2398 non
623 2327 774 2398 cessavit
791 2325 837 2399 ad
854 2326 1014 2399 futurum
1031 2328 1167 2401 bellum
1187 2355 1249 2401 ne·

185 2443 338 2514 'cessaria
357 2441 550 2540 adparere,
568 2467 615 2515 ne
633 2441 750 2514 verbis
759 2441 925 2541 ,pacificis
943 2444 980 2514 in
997 2443 1101 2536 dolo,
1121 2445 1158 2518 in
1176 2460 1249 2519 tor·

186 2582 314 2657 porem
339 2573 375 2633 et
399 2559 678 2631 somnolentiam
704 2558 902 2644 resolutus,
935 2583 1018 2632 cum
1047 2585 1129 2633 eum
1153 2560 1249 2635 bello

186 2690 332 2775 repente
348 2675 549 2750 adoriretur
564 2675 743 2766 inimicus,
762 2675 1001 2773 improvisum
1017 2691 1124 2774 atque
1138 2677 1249 2777 impa-

186 2805 303 2865 ratum
319 2791 421 2865 facile
435 2794 646 2890 superaret¹.

226 3049 254 3103 l.
278 3044 302 3105 11
316 3065 354 3105 ne
370 3064 400 3104 se
418 3043 510 3104 borna
527 3063 579 3126 pas
595 3046 612 3102 a
629 3041 666 3104 dc
679 3043 797 3123 simples
812 3043 1012 3124 precautions,
1028 3045 1101 3104 mais
1116 3046 1249 3106 travailla

186 3139 201 3194 a
216 3154 352 3210 renouer,
367 3154 438 3195 avec
449 3135 477 3195 le
488 3155 606 3196 secours
616 3134 653 3194 dc
666 3134 871 3216 l'Angleterre,
885 3135 914 3192 la
927 3134 1062 3194 coalition
1075 3133 1124 3194 des
1134 3135 1249 3214 princes

185 3225 323 3304 franceis,
342 3245 400 3304 que
418 3226 506 3286 Balue
522 3226 600 3286 avait
618 3245 655 3285 eu
672 3222 701 3284 la
719 3224 894 3284 rnaladresse
909 3224 947 3285 de
962 3225 1063 3284 laisser
1077 3226 1246 3304 transpirer.

185 3319 263 3376 Pour
282 3335 479 3390 commencer,
500 3317 528 3376 le
551 3317 627 3376 frere
650 3315 690 3374 du
713 3315 758 3374 roi
782 3314 881 3374 devait
903 3314 1029 3396 e'rnigrer
1050 3316 1156 3393 copres
1178 3315 1247 3374 d’E-
1346 3332 1349 3342 ·

185 3404 296 3465 douard
310 3407 359 3465 lV.
378 3406 465 3466 Louis
483 3410 527 3465 XI
544 3408 661 3486 parvint
681 3408 848 3464 aramener
864 3404 893 3465 le
907 3403 996 3478 jeune
1015 3404 1115 3484 prince
1131 3405 1249 3485 lorsque

185 3495 249 3570 dtjt
267 3496 287 3556 il
306 3495 375 3555 etait
387 3497 467 3556 nanti
481 3495 551 3556 d’un
567 3495 767 3557 saus-conduit
785 3515 861 3573 pour
877 3495 1013 3554 executer
1026 3515 1057 3554 sa
1071 3495 1153 3554 suite.
1169 3499 1250 3557 Cette

184 3587 266 3666 pidce
283 3598 341 3644 met
359 3589 376 3644 a
393 3585 552 3646 ddcouvert
569 3588 597 3647 le
613 3586 675 3647 rdle
695 3585 735 3644 du
749 3583 806 3643 duc
824 3583 860 3642 de
877 3589 1073 3666 Bourgogne:
1093 3611 1106 3638 ι
1122 3585 1248 3646 obtentu

185 3695 219 3734 ae
240 3675 340 3733 lavore
359 3674 546 3750 illustrissimi
564 3675 702 3756 principis
725 3674 806 3733 ducis
824 3674 999 3752 Burgundiae
1019 3688 1049 3735 et
1069 3676 1247 3750 Brabantiae,

185 3763 288 3822 sororii
301 3763 409 3835 nostri,
424 3765 603 3843 suscepimus
618 3768 649 3825 in
665 3765 791 3835 bonurn,
807 3783 941 3824 securum
956 3777 984 3825 et
997 3767 1109 3826 salvum
1122 3764 1250 3825 conduc·

185 3862 245 3910 turn
257 3865 400 3922 nostrum,
415 3853 605 3913 clarissimum
619 3854 778 3934 principem
792 3852 935 3912 Karolum
951 3853 987 3914 de
1000 3855 1130 3929 Francia,
1146 3853 1251 3913 adver·

184 3942 252 4001 sarii
267 3941 358 4001 nostri
375 3943 502 4000 Franciae
518 3943 636 4003 fratrem
652 3962 838 4024 germanum,
854 3942 884 4002 in
901 3963 1021 4023 regnum
1037 3956 1167 4002 nostrum
1185 3947 1247 4002 An-

184 4029 267 4111 gliae,
283 4043 337 4091 ete.
357 4057 371 4083 n
388 4035 522 4110 (Rymer,
539 4035 674 4107 Foedera,
689 4044 711 4092 t.
726 4033 787 4103 XI,
803 4051 834 4109 p.
849 4034 930 4108 645).
945 4035 985 4092 Ce
998 4031 1194 4091 saus-conduit
1207 4043 1250 4090 est

185 4117 223 4178 du
239 4122 257 4178 6
274 4120 685 4194 mai14693etBalueavait
703 4119 748 4180 όῑό
769 4121 864 4180 arrcte'
883 4120 912 4180 le
932 4123 969 4180 2³
987 4119 1060 4180 avril
1081 4119 1246 4200 precedent.
1323 4165 1325 4170 .
1351 4123 1353 4130 ’

183 4212 225 4268 La
246 4209 424 4271 connirencc
444 4211 554 4271 duduc
569 4231 641 4271 arec
661 4211 689 4271 le
710 4209 838 4269 cardinal
863 4222 905 4270 est
929 4209 1058 4289 prouree
1071 4228 1124 4288 par
1137 4228 1171 4268 ce
1186 4211 1245 4268 seul

185 4297 438 4386 rapproclrement.
