3402 5186
688 549 801 611 LIBER
821 549 971 609 PRIMUS.
1321 555 1359 612 ss

300 678 410 752 nabat
420 679 554 777 legatos
568 677 613 750 ad
627 679 746 778 ipsum
760 679 948 751 britanniae
959 678 1102 774 ducem,
1118 696 1171 772 ut,
1187 682 1242 756 vel
1255 685 1360 760 minis

298 795 521 887 deterritum,
539 796 597 869 vel
612 793 740 868 oblatis
754 794 912 868 illectum
925 795 1140 893 honoribus,
1159 801 1305 875 eumad
1322 827 1361 876 se

298 927 420 1011 posset
441 913 629 988 attrahere.
661 917 773 985 Porro
801 937 902 1006 cum,
933 912 1097 1013 pluribus
1123 915 1360 1013 legationibus

298 1029 412 1102 missis
422 1030 588 1127 utrinque
600 1043 707 1129 atque
719 1029 888 1122 remissis,
901 1030 939 1101 in
951 1035 1091 1103 cassum
1104 1034 1197 1129 regis
1208 1050 1360 1108 conatus

298 1144 551 1243 procederent,
572 1143 717 1218 tandem
733 1146 903 1218 comitem
921 1145 1022 1218 illum
1038 1145 1210 1222 illustrem
1226 1151 1360 1224 virum·

298 1285 369 1359 que
384 1259 616 1360 prudentem,
633 1260 803 1333 comitem
821 1260 954 1334 scilicet
969 1265 1194 1355 Dunensem‚
1214 1265 1361 1342 adeum

299 1375 508 1469 destinavit,
528 1391 564 1450 et
581 1401 665 1448 cum
682 1375 729 1449 ad
747 1376 823 1473 ejus
839 1400 984 1475 quoque
1005 1378 1185 1452 intentum
1213 1383 1362 1458 minime

299 1490 461 1566 laborare
477 1493 662 1594 potuisset,
682 1516 725 1564 eo
741 1516 897 1585 revers0,
914 1492 1094 1592 principes
1110 1497 1165 1568 sui
1179 1499 1360 1596 sanguinis

299 1621 334 1678 et
350 1610 503 1706 majores
517 1609 618 1706 r'egni
632 1631 799 1710 proceres
811 1606 858 1680 ad
876 1607 1002 1682 urbem
1016 1613 1262 1687 Turonensem
1275 1637 1361 1688 con·

298 1727 467 1799 vocavit¹.

348 1847 477 1917 Coram
495 1843 626 1942 quibus
642 1843 680 1916 in
699 1866 812 1916 unum
829 1839 1004 1938 collectis,
1023 1842 1167 1942 longam
1183 1870 1251 1944 pro
1268 1871 1362 1920 con-

297 1963 401 2034 cione
416 1961 631 2052 orationem,
645 1960 741 2033 velut
749 1960 1021 2055 accusatoriam,
1034 1959 1161 2036 habuit
1172 1962 1363 2036 adversum

299 2080 487 2152 Britanniae
503 2079 646 2152 ducem.
668 2081 753 2150 Erat
770 2078 867 2150 enim
884 2079 920 2151 in
939 2101 1106 2152 sermone
1124 2079 1295 2175 dicacior,
1311 2097 1360 2175 et,

299 2195 434 2268 nullam
454 2196 537 2270 licet
554 2196 691 2269 habens
707 2194 921 2267 elocutionis
939 2194 1151 2294 dignitatern
1167 2222 1231 2270 seu
1248 2199 1365 2295 gravi-

299 2325 421 2403 tatem,
441 2327 517 2384 erat
532 2327 651 2384 tamen
667 2325 740 2384 tam
754 2311 792 2383 in
809 2309 966 2383 dicendo
982 2311 1128 2406 effusus,
1149 2328 1188 2385 ut
1204 2312 1361 2412 plerum·

298 2452 369 2525 que
395 2443 580 2526 generaret
609 2451 674 2499 sua
699 2426 914 2524 loquacitate
940 2425 1121 2502 fastidium
1134 2432 1157 2502 ¹.
1188 2431 1364 2504 Narrabat

297 2546 404 2642 igitur
428 2545 550 2618 multis
578 2542 803 2617 sermonibus
830 2567 919 2641 quas
946 2542 1134 2642 injustitias
1162 2545 1260 2618 idem
1287 2546 1362 2619 dux

299 2663 487 2736 Britanniae
507 2660 574 2734 sibi
597 2673 633 2732 et
654 2683 798 2732 coronae
820 2659 976 2731 Franciae
996 2674 1134 2733 teneret
1154 2675 1190 2734 et
1209 2661 1360 2754 faceret3

297 2777 449 2874 qualiter
463 2779 592 2850 merito
607 2777 760 2875 jureque
776 2773 945 2848 adversus
960 2800 1044 2847 eum
1055 2777 1169 2873 justas
1185 2801 1310 2850 causas
1326 2794 1362 2853 et

297 2894 460 2990 querelas
472 2893 639 2985 baberet;
659 2916 733 2991 quo
750 2890 876 2983 modo,
891 2891 997 2964 variis
1012 2891 1252 2990 legationibus
1266 2894 1361 2969 ultro

297 3010 460 3110 citroque
476 3010 674 3102 destinatis,
692 3034 776 3082 eum
792 3008 919 3108 saepius
935 3009 1216 3084 commonuisset
1229 3012 1276 3084 de
1293 3011 1363 3086 sibi

297 3128 528 3202 amicabiliter
540 3128 715 3226 justitiam
730 3123 949 3219 exhibendo,
971 3125 1099 3198 multas
1113 3127 1277 3225 aperiens
1292 3127 1361 3202 sibi

295 3245 370 3318 vias
382 3244 600 3337 amicabiles,
616 3267 705 3342 quas
719 3267 793 3314 non
806 3265 984 3333 recusare,
1000 3240 1063 3314 sed
1075 3242 1243 3342 amplecti
1256 3244 1362 3316 ratio·

298 3355 464 3428 nabiliter
484 3354 683 3446 debuisset;
707 3353 769 3426 sed
791 3354 918 3452 spretis
939 3352 1129 3445 omnibus,
1152 3378 1228 3426 non
1248 3354 1361 3429 modo

296 3473 398 3570 quasi
416 3495 579 3572 parcum
601 3493 687 3570 pare
706 3469 803 3565 (cum
826 3483 945 3540 tamen
968 3470 1045 3567 ejus
1068 3470 1237 3545 subditus
1260 3473 1306 3547 sit
1326 3488 1363 3547 et

298 3587 568 3684 vassallus),sed
580 3585 698 3686 potius
712 3598 882 3682 tanquam
898 3585 1064 3682 superior
1079 3610 1162 3658 cum
1175 3587 1358 3684 inferiore,

296 3703 393 3775 velut
409 3703 496 3775 nihil
512 3704 654 3804 penitus
671 3701 817 3774 adeum
834 3701 1006 3788 attinens,
1025 3727 1062 3774 se
1079 3702 1250 3799 gessisset.

346 3821 428 3892 Haec
445 3823 529 3892 cum
550 3815 671 3891 multis
687 3817 896 3890 retexuisset
915 3816 1159 3910 sermonibus,
1181 3817 1295 3890 multa
1315 3818 1361 3892 de

339 4037 368 4091 t.
391 4033 433 4090 Le
453 4033 491 4089 18
505 4028 658 4090 decembre
670 4030 759 4090 tter.
775 4025 845 4088 Voir
858 4025 886 4085 le
896 4025 969 4086 recit
981 4025 1019 4086 de
1034 4041 1110 4088 cette
1119 4025 1278 4088 assemble‘e
1287 4027 1360 4088 dans

300 4129 380 4186 Dom
393 4120 515 4198 Morice,
532 4125 663 4196 meroes,
678 4133 700 4181 t.
718 4123 772 4191 111,
786 4138 817 4197 p.
832 4119 883 4176 89.

341 4215 370 4270 2.
394 4215 436 4272 La
461 4209 584 4272 relation
607 4210 644 4272 de
665 4206 844 4270 l’assemblee
862 4219 946 4288 porte
966 4209 1137 4272 neanmoins
1159 4206 1231 4286 qu'il
1256 4203 1362 4266 toucba

296 4305 454 4386 jusqu'aux
468 4304 573 4365 larmes
585 4301 615 4362 la
629 4301 746 4382 plupart
756 4299 807 4362 des
818 4299 974 4362 assistente.
