3402 5186
386 493 424 549 22
658 489 917 550 mstomsltttst
936 489 1114 549 LUDOVICI
1133 490 1176 547 XI

384 624 587 720 decumque
600 647 763 720 semper,
781 647 849 721 pro
870 621 943 694 suis
967 621 1205 720 proseucticis
1221 619 1445 717 obtinendis,

384 763 500 810 novos
523 737 742 810 advocarent
771 751 879 834 atque
906 737 1132 832 exquirerent
1156 751 1350 835 emptores.
1380 741 1448 811 Per

384 855 584 956 provincias
611 869 732 926 autem
759 851 914 948 singulas
941 853 1043 948 regni
1067 852 1221 925 vicarios
1246 878 1330 926 suos
1353 856 1381 942 ¹,
1409 855 1447 926 in

384 970 542 1070 qualibet
558 993 691 1068 nempe
709 993 838 1058 unum,
855 992 922 1066 pro
945 991 982 1038 se
997 966 1227 1068 instituebat;
1250 993 1316 1067 per
1333 981 1447 1042 totam

383 1087 603 1188 provinciam
622 1083 825 1180 generalem
841 1083 1051 1156 vicariatum
1067 1083 1230 1156 similiter
1242 1083 1289 1157 ed
1305 1086 1447 1158 auctio-

384 1228 467 1274 nem
486 1200 566 1300 plus
582 1199 746 1272 offerenti
765 1197 1032 1272 venumdabat:
1053 1198 1083 1269 is
1105 1199 1203 1271 enim
1221 1199 1273 1271 ad
1286 1198 1448 1302 officium

384 1316 581 1414 gerendum
596 1316 712 1413 aptior
726 1316 909 1414 magisque
929 1315 1081 1389 idoneus
1097 1313 1309 1409 ducebatur,
1327 1317 1390 1414 qui
1409 1318 1447 1389 in

384 1431 578 1505 licitatione
595 1446 742 1505 caeteros
756 1444 967 1529 superasset.

434 1552 477 1619 Et
494 1547 577 1621 talia
596 1547 745 1645 quidem
756 1548 831 1647 ipse
848 1545 1019 1619 dominus
1033 1546 1079 1618 de
1091 1544 1369 1640 Monte-Albani,
1383 1571 1447 1620 na·

386 1665 483 1736 tione
506 1663 615 1753 Brito,
636 1677 670 1734 et
687 1663 755 1734 alia
775 1661 915 1733 infinita
930 1677 1037 1758 atque
1058 1660 1334 1735 innumerabilia
1356 1662 1450 1736 mala

386 1781 547 1878 impune,
564 1803 646 1876 rege
664 1803 739 1849 non
757 1777 953 1866 nesciente,
967 1776 1208 1874 quadriennio
1225 1791 1261 1849 et
1276 1777 1450 1876 amplius⁸

387 1898 423 1967 in
441 1896 549 1967 totius
564 1895 664 1992 regni
677 1891 898 1992 publicaeque
914 1892 965 1963 rei
982 1892 1226 1990 praejudicium
1237 1895 1447 1987 maximum,

388 2009 505 2108 palam
525 2008 683 2106 gerebat.
705 2013 792 2079 Nam
810 2007 909 2106 apud
926 2032 1045 2105 regem
1065 2022 1147 2080 ante
1166 2033 1295 2082 omnes
1318 2012 1450 2109 praeci-

388 2149 462 2225 puo
479 2124 622 2196 honore
636 2122 841 2195 habebatur
853 2138 890 2195 et
902 2124 1038 2220 majore
1050 2125 1259 2198 auctoritate
1275 2125 1446 2225 pollebat,

389 2241 507 2313 donee
529 2238 674 2311 bonitas
698 2237 965 2312 clementissimi
990 2240 1184 2331 Cremonis,
1209 2242 1271 2340 qui
1294 2267 1379 2314 eum
1403 2243 1449 2316 ad

389 2356 638 2456 poenitentiam
652 2354 713 2426 diu
731 2353 987 2453 patientissime
1003 2357 1232 2448 sustinuerat,
1251 2358 1449 2431 secundum

277 2545 280 2552 ,
390 2471 561 2544 duritiam
581 2497 683 2544 suam
701 2486 737 2544 et
760 2496 825 2544 cor
851 2473 1096 2572 impoenitens,
1112 2473 1209 2570 juste
1226 2500 1293 2574 pro
1318 2474 1451 2546 meritis

391 2589 424 2662 ei
441 2589 712 2663 retribuendum
728 2589 843 2680 duxit,
865 2613 1035 2688 eumque,
1056 2588 1226 2662 derelicto
1243 2613 1452 2662 mammona

389 2706 585 2804 iniquitatis
601 2705 702 2804 quod
726 2704 908 2776 infinitum
922 2729 1023 2805 paene
1043 2719 1290 2802 congesserat,
1318 2729 1361 2777 ex
1381 2705 1451 2778 hac

389 2822 546 2896 instabili
562 2822 644 2896 luce
660 2822 837 2895 evocavit.

741 3189 993 3262 CdPl'l'UbUll
1025 3194 1097 3264 Vll.

388 3395 427 3447 De
446 3391 514 3446 dolis
526 3404 551 3444 et
562 3389 663 3464 rapinis
673 3389 702 3444 in
714 3387 902 3444 distribuendis
914 3391 989 3464 regni
1003 3391 1099 3446 officiis
1114 3392 1274 3458 commissis,
1287 3405 1314 3446 et
1325 3389 1359 3452 dt
1372 3411 1449 3450 tmo-

422 3471 496 3526 tione
511 3471 703 3525 officiariorunr
715 3483 741 3524 et
756 3468 856 3523 dueum
870 3471 985 3538 militia,
1001 3489 1067 3542 quos
1079 3485 1154 3545 poter
1171 3491 1233 3526 suus
1253 3469 1412 3542 instituerat,
1425 3484 1451 3526 et

421 3553 534 3607 oliorum
545 3569 678 3606 novorum
690 3551 855 3607 collectione·

436 3730 757 3822 Quemadmodum
774 3745 908 3819 autem,
925 3747 965 3802 ut
980 3731 1180 3824 retulimus,
1200 3733 1365 3833 praelatus
1381 3734 1449 3808 do·

386 3851 505 3924 minus
526 3848 571 3920 de
598 3847 866 3922 Monte-Albani
890 3847 975 3924 data
999 3849 1065 3922 sibi
1088 3851 1125 3923 in
1144 3875 1310 3948 magnam
1327 3854 1450 3952 reipu-

385 4083 390 4094 ·
427 4065 455 4121 t.
482 4062 613 4119 Vicarias
627 4079 693 4118 suas
706 4057 777 4117 dans
792 4056 821 4116 le
835 4075 889 4116 ms.

425 4155 454 4210 2.
478 4153 590 4212 dest-t
597 4149 674 4208 -dire
684 4149 798 4226 jusqu'a
810 4167 841 4206 sa
853 4159 939 4222 mort,
955 4147 1067 4208 armvee
1080 4169 1117 4208 en
1132 4153 1223 4224 teto,
1235 4163 1264 4210 et
1278 4149 1314 4209 ds
1326 4149 1450 4228 laquelle

388 4267 399 4292 ι
418 4239 436 4298 il
449 4261 486 4301 ne
503 4241 546 4300 sut
558 4240 640 4320 point
653 4237 766 4318 pleure,
786 4263 799 4289 r
816 4238 897 4296 selon
909 4235 936 4295 la
952 4236 1118 4318 Chronique
1131 4239 1328 4304 scandsleuse.
