3272 5182
413 555 472 612 180
687 551 945 611 fflstonlattuu
964 552 1142 609 Lunovlct
1161 553 1204 608 xl

410 685 542 759 comite
562 685 802 784 appulissent,
822 683 1089 782 comperierunt
1104 680 1175 754 illic
1189 683 1300 766 etiam
1315 707 1357 754 ex
1377 695 1480 781 parte

411 799 638 880 illustrissimi
661 800 796 891 Caroli,
822 795 1118 897 Burgundionum
1139 797 1241 870 ducis
1264 799 1354 896 (jam
1377 798 1478 869 enim

408 919 484 1013 ejus
495 918 649 1014 genitor,
660 933 701 987 ut
712 915 880 1005 diximus,
896 915 932 986 iu
947 912 1017 986 sata
1028 913 1281 1008 concesserat),
1296 912 1479 986 solemnes

407 1032 543 1128 legatos
570 1056 697 1103 eorum
720 1031 931 1129 praevenisse
956 1028 1164 1102 adventum.
1192 1033 1272 1101 Non
1295 1030 1391 1101 enim
1412 1053 1480 1100 ne·

408 1148 501 1219 scius
523 1145 823 1242 Burgundionum
842 1145 915 1216 dux
934 1160 1029 1236 erat,
1054 1144 1173 1243 qualia
1190 1160 1318 1219 contra
1336 1168 1374 1218 se
1393 1169 1475 1237 rer,

408 1288 472 1362 per
493 1264 736 1333 interventum
753 1260 847 1333 illius
864 1259 1093 1360 perfidissimi
1111 1267 1164 1332 W
1162 1261 1302 1348 arviclr,
1323 1275 1479 1332 strueret

407 1393 514 1474 atque
531 1375 796 1448 machinaretur
812 1375 1016 1467 molimina,
1036 1390 1283 1476 quantumque
1300 1377 1367 1448 sibi
1385 1377 1478 1448 suis·

406 1518 476 1590 que
495 1492 675 1566 soederatis
695 1507 729 1564 et
749 1490 901 1564 subditis
919 1491 1067 1565 allatura
1086 1491 1203 1564 forent
1222 1491 1418 1592 praejndicii
1438 1507 1478 1565 et

403 1608 563 1702 jacturae,
583 1608 611 1678 si
625 1609 727 1703 juxta
741 1611 962 1678 Francorum
977 1607 1069 1704 regis
1082 1621 1207 1678 votum
1222 1606 1473 1706 procederent,

407 1736 443 1794 et
461 1745 539 1820 quae
564 1722 632 1794 sibi
656 1723 723 1820 ipsi
744 1722 802 1793 ille
823 1720 983 1820 perfidus
1000 1745 1122 1794 comes
1141 1721 1255 1794 fuerat
1273 1721 1472 1820 pollicitus,

406 1839 618 1910 sortirentur
632 1837 810 1909 ellectum.
824 1835 929 1908 Unde
942 1836 1140 1934 prudenter
1153 1861 1195 1909 ac
1212 1837 1391 1936 sapienter
1404 1838 1475 1908 iui-

409 1951 583 2025 micorum
615 1953 843 2052 antecapiens
864 1952 1073 2044 consilium,
1095 1953 1245 2027 curabat
1269 1951 1475 2050 diligentius

409 2093 452 2138 ue
471 2093 509 2139 se
525 2069 644 2166 ipsum
662 2067 773 2139 iidem
792 2067 927 2139 inimici
943 2068 979 2138 in
997 2068 1247 2165 hujuscemodi
1265 2069 1473 2169 copulando

408 2182 538 2261 soedere
555 2183 808 2281 praevenirent,
829 2181 893 2258 sed
907 2182 994 2255 illud
1008 2185 1094 2284 ipsis
1107 2200 1212 2259 cauta
1225 2178 1469 2284 providentia,

405 2298 512 2371 bonis
528 2313 636 2398 atque
657 2299 817 2371 honestis
839 2299 993 2395 artibus,
1017 2304 1137 2400 potius
1159 2306 1361 2406 praeriperet
1382 2331 1473 2378 suae-

405 2441 475 2514 que
494 2416 655 2490 utilitatis
672 2416 855 2490 efficeret¹.

452 2536 614 2606 Tentavit
639 2535 746 2632 igitur
765 2534 823 2606 ille
846 2535 1033 2630 Warviclr,
1057 2538 1287 2611 varietatibus
1308 2538 1472 2640 dolisque

405 2649 590 2746 insiguiter
606 2651 815 2744 instructus,
836 2675 876 2723 ea
900 2675 979 2748 quae
1004 2653 1078 2750 regi
1096 2657 1314 2727 Francorum
1338 2659 1471 2756 promi·

405 2768 506 2839 sisset
528 2766 682 2841 efficere.
702 2771 899 2840 Tentarunt
914 2767 986 2841 hoc
1004 2783 1039 2841 et
1061 2771 1129 2869 ipsi
1154 2773 1245 2868 regis
1265 2773 1387 2870 legati,
1408 2799 1471 2847 va·

406 2885 475 2954 rias
491 2898 526 2954 et
543 2883 700 2955 diversas
715 2885 916 2981 aperientes
933 2884 1028 2957 fores
1041 2900 1147 2984 atque
1165 2888 1256 2977 vias,
1273 2889 1346 2960 acri
1363 2903 1472 2988 atque

405 2996 562 3070 versatili
593 3002 814 3071 Francorum
846 3001 936 3096 regis
962 3000 1106 3099 ingenio
1132 3000 1364 3099 adinventas,
1392 3031 1470 3106 spe-

406 3115 497 3186 ciem
510 3127 676 3210 magnam
690 3129 915 3212 proventurae
927 3115 1011 3188 iude
1024 3119 1176 3214 ingentis
1190 3121 1385 3216 Anglornm
1397 3125 1470 3219 regi

407 3246 441 3304 ct
467 3255 579 3329 regno
599 3229 758 3303 utilitatis
782 3231 1057 3328 protendentes,
1079 3247 1114 3306 et
1132 3259 1211 3332 quae
1235 3237 1469 3311 verisimiliter

407 3349 517 3446 ipsius
538 3345 695 3418 Edoardi
722 3347 884 3418 animum
908 3348 954 3420 ad
980 3349 1048 3421 sibi
1075 3353 1343 3425 assentiendum
1368 3357 1468 3454 pelli-

408 3487 488 3566 cere
505 3461 725 3534 debuissent.
745 3461 815 3533 Sed
834 3463 910 3561 ipse
932 3465 1134 3560 Edoardus,
1158 3468 1220 3565 qui
1238 3469 1312 3565 jam
1334 3474 1469 3544 tamin

407 3578 611 3676 semetipso,
632 3591 711 3649 tum
727 3578 765 3648 in
784 3577 860 3648 aliis
880 3578 1012 3673 nudtis,
1033 3585 1253 3656 Francorum
1270 3585 1361 3682 regis
1377 3611 1468 3658 con-

447 3839 475 3898 l.
499 3843 553 3898 Les
570 3839 666 3918 pieces
678 3839 809 3919 publices
824 3862 877 3924 par
892 3846 1001 3921 Rymer
1015 3844 1198 3908 demontrent
1211 3869 1269 3928 que
1282 3850 1470 3914 l'ambassade

406 3927 443 3988 de
457 3932 630 4010 Rourgogne
646 3929 725 3989 allait
740 3950 799 3990 non
813 3952 865 4012 pas
878 3931 1019 3994 chercher
1031 3954 1070 3994 un
1086 3939 1205 4010 accord,
1222 3941 1292 4000 mais
1304 3939 1372 4001 bien
1394 3943 1469 4003 don-

405 4036 458 4077 ner
473 4019 549 4078 dela
563 4018 701 4099 publicini
716 4023 733 4078 a
748 4020 799 4081 des
813 4037 1017 4102 engagements
1035 4025 1085 4102 qui
1103 4027 1254 4088 existaieut
1267 4030 1331 4105 ‹te'ja
1345 4045 1427 4092 entre
1442 4033 1469 4094 le

405 4107 461 4166 duc'
481 4109 598 4168 Clrarles
618 4119 647 4168 et
668 4109 695 4168 le
711 4110 755 4169 roi
774 4099 927 4184 Edouard3
948 4125 1012 4172 tons
1030 4113 1107 4173 deux
1126 4117 1258 4177 s’etaient
1275 4123 1370 4180 mdme
1387 4124 1469 4200 passe

404 4198 551 4278 signatore
566 4203 581 4257 a
596 4219 629 4258 ce
646 4200 738 4274 sujet,
756 4213 785 4259 et
798 4200 826 4258 la
842 4199 946 4260 cc'dule
961 4202 999 4261 dn
1015 4202 1071 4263 duc
1085 4203 1121 4264 de
1135 4211 1308 4289 Bourgogne
1322 4211 1427 4290 portait
1440 4215 1468 4274 la

404 4285 469 4346 date
484 4286 524 4347 du
536 4292 574 4347 21
589 4288 707 4348 octobre
723 4292 801 4349 1466
819 4293 849 4363 (t.
869 4293 923 4367 xt,
940 4312 970 4370 p.
991 4297 1070 4368 580).
