3322 5172
591 524 700 582 nram
735 524 906 598 omarus.
1224 526 1281 583 ars

218 676 299 724 rum
317 675 436 749 regem
453 651 808 749 botharingiaeduci,
826 654 909 752 satis
926 655 1130 753 propinqua
1147 679 1280 752 cogna-

217 764 323 835 tionis
335 762 428 835 linea
443 763 494 861 (in
506 765 618 861 gradu
630 764 763 837 scilicet
773 766 877 837 tertio
891 790 934 838 ex
947 780 1109 841 materno
1122 791 1252 862 genere
1258 767 1282 863 ¹)

215 903 252 950 se
262 880 442 969 attinenti,
456 879 519 976 qui
532 881 613 952 etin
628 881 703 952 haec
716 879 864 953 adversa
878 877 926 950 ob
935 900 1081 960 causam
1090 879 1146 951 sui
1163 880 1282 970 incur·

216 1009 329 1085 reret,
345 1009 509 1093 utsupra
524 997 731 1084 retulimus,
750 995 809 1067 alii
822 995 1002 1067 Suiteuses
1017 1009 1052 1066 et
1070 996 1119 1066 eis
1134 993 1281 1069 loedera·

215 1122 289 1201 tos,
301 1111 355 1182 vel
369 1123 560 1207 utrosque,
573 1111 628 1182 vel
641 1110 849 1199 alterutros,
862 1135 936 1181 non
951 1109 1135 1181 defuturos
1147 1111 1279 1199 auxilio

214 1224 262 1297 ad
276 1225 540 1322 Lotharingiam
558 1226 750 1333 tuendam,
767 1251 815 1298 ne
827 1227 864 1297 in
882 1250 1009 1297 manus
1021 1239 1055 1297 et
1065 1239 1278 1323 potestatem
1316 1209 1319 1214 ¹

214 1341 315 1414 ducis
332 1341 546 1438 Burgundiae
569 1341 767 1414 deveniret.
787 1346 863 1413 Hoc
887 1341 984 1414 enim
1001 1366 1075 1412 non
1093 1342 1278 1430 modicum

214 1457 456 1531 formidabant
478 1462 700 1530 Ferretenses
728 1472 835 1556 atque
863 1458 1136 1554 Argentinenses
1161 1459 1279 1530 etalii

213 1573 354 1646 finitimi
381 1576 579 1646 Germaniae
596 1574 720 1674 populi
745 1575 882 1673 ipsique
898 1575 1098 1666 Suitenses,
1120 1576 1182 1671 qui
1202 1574 1278 1648 haec

212 1702 339 1760 contra
355 1712 393 1761 se
410 1689 526 1788 parari
541 1714 616 1760 non
633 1689 867 1786 ignorabant,
889 1713 972 1760 cum
990 1713 1033 1759 ex
1048 1689 1277 1785 Lotharingia

214 1803 315 1878 facile
331 1805 378 1877 ad
395 1829 499 1902 agros
523 1810 547 1874 F
548 1820 743 1878 erretenses
757 1821 793 1878 et
814 1805 949 1878 Alsatiae
966 1802 1095 1875 ducem
1115 1810 1275 1901 Burgun-

213 1919 280 1992 diae
293 1922 416 2018 copias
433 1945 515 1992 suas
529 1946 634 2018 posse
649 1921 837 1994 ellundere
855 1920 1102 2020 praeviderent.

260 2032 331 2104 Sed
350 2032 405 2104 his
426 2057 500 2107 non
520 2032 744 2105 obstantibus
766 2034 872 2105 minis
889 2033 1081 2130 multisque
1098 2047 1133 2104 et
1146 2032 1272 2123 variis,

211 2147 328 2249 quide
337 2147 590 2245 hujuscemodi
599 2147 845 2238 versabantur,
859 2147 1078 2236 rumoribus,
1089 2149 1134 2220 ad
1143 2148 1276 2247 perfec·

211 2276 288 2334 tum
304 2288 416 2360 usque
432 2263 599 2362 perduxit
614 2264 686 2336 dux
703 2267 779 2363 ipse
800 2264 1010 2360 Burgundiae
1030 2279 1274 2362 conquoestum

210 2379 445 2475 Lotharingiae
458 2395 494 2452 et
506 2381 696 2452 comitatus
707 2373 1139 2470 Validorum-Montium’,
1152 2380 1274 2477 eisque

207 2494 366 2592 priorem
381 2519 623 2595 possessorem
638 2497 746 2568 armis
761 2497 894 2594 expulit
912 2510 947 2567 et
963 2510 1141 2567 exsortem
1155 2494 1273 2567 reddi-

208 2611 278 2702 dit,
297 2614 420 2711 paucis
440 2612 609 2684 duntaxat
632 2611 785 2710 demptis
806 2611 977 2700 castellis,
994 2635 1072 2708 quae
1095 2610 1201 2708 paulo
1219 2637 1273 2684 re·

209 2728 339 2800 motius
353 2730 390 2801 in
407 2730 529 2826 lingua
544 2743 581 2801 et
598 2730 744 2801 natione
761 2727 962 2800 Germaniae
978 2726 1189 2798 consistunt.

258 2847 369 2915 Porro
385 2845 519 2918 interea
538 2844 626 2915 dum
643 2844 679 2915 in
702 2843 797 2915 dicta
818 2841 1050 2938 Lotharingiae
1067 2857 1271 2940 conquaesta
1370 2857 1379 2885 '

207 2957 427 3031 detineretur
443 2973 639 3057 occupatus
667 2960 742 3058 ipse
758 2958 849 3046 dux,
868 2981 930 3028 seu
959 2971 996 3027 ut
1018 2981 1102 3029 eum
1123 2981 1188 3055 per
1210 2959 1270 3029 in-

206 3072 380 3147 directum
410 3100 431 3148 a
457 3076 556 3148 dicto
575 3099 684 3173 opere
710 3073 781 3146 alio
805 3075 1016 3146 revocarent
1041 3074 1148 3169 (cum
1170 3073 1271 3146 alit'er

208 3189 443 3288 Lotharingiae
469 3194 632 3266 viderent
656 3216 693 3264 sc
721 3215 795 3292 non
822 3213 927 3289 posse
945 3187 1269 3284 subvenire),seu

205 3303 274 3378 alia
291 3332 518 3406 quacumque
539 3309 698 3400 ratione,
716 3307 953 3404 irruptionem
972 3303 1196 3403 repentinam
1220 3306 1271 3398 fe-

206 3438 332 3494 ceruut
359 3425 539 3496 Suitenses
566 3426 602 3496 in
629 3447 734 3520 agros
758 3413 797 3494 ct
822 3415 955 3525 op'pida
981 3419 1183 3526 Sabavdiae,
1208 3425 1271 3520 qui

206 3537 355 3609 vicinius
370 3539 536 3635 adjacent
554 3538 648 3612 laeui
668 3543 869 3625 LemannO,
887 3537 924 3608 in
945 3561 1053 3633 quem
1075 3536 1271 3610 Rhodanus

204 3654 321 3728 influit
337 3636 377 3727 et'
395 3657 480 3729 inde
496 3657 605 3728 etiam
621 3655 712 3746 exit,
728 3655 765 3725 in
784 3654 926 3726 civitate
940 3652 1170 3725 Gebeuuensi
1182 3655 1204 3723 ⁸.
1229 3658 1270 3725 Et

246 3891 274 3948 l.
297 3890 388 3950 Marie
415 3890 556 3970 d’Anjou‚
579 3891 659 3949 mere
676 3890 714 3949 de
736 3890 824 3950 Iouis
838 3893 898 3964 XI,
922 3889 991 3949 &tait
1012 3889 1041 3951 la
1065 3909 1172 3969 propre
1191 3901 1268 3946 tante

203 3976 368 4056 dffYolande
381 3979 518 4055 d'Anjou,
531 3982 612 4038 mere
625 3979 665 4038 du
679 3979 746 4039 duc.

243 4071 336 4127 Me
351 4089 405 4130 ms.
424 4069 520 4145 ajoute
532 4091 582 4128 scu
594 4069 631 4128 de
648 4069 947 4146 Vatibus-Montium,
963 4070 1013 4149 qui
1035 4068 1154 4146 indique
1171 4068 1269 4127 l’hc'si·

203 4157 293 4216 ration
308 4157 344 4217 de
362 4159 486 4219 l'auteur
499 4179 550 4219 sur
563 4158 591 4220 la
605 4160 697 4218 forme
712 4159 800 4218 latine
814 4159 854 4218 du
867 4178 936 4219 nom
950 4159 987 4218 de
1000 4155 1191 4216 Vaudemont.

244 4248 273 4305 3.
297 4249 426 4307 ὓεηὲνο.
944 4243 946 4252 ’
