3282 5168
581 547 691 604 menn
716 545 899 619 QUARTUS.
1214 549 1272 608 sss

212 695 335 757 manet
349 679 437 778 quin
455 677 575 778 plures
597 703 641 750 ex
667 678 982 776 Burgundionibus
1015 681 1053 754 in
1079 681 1140 754 illo
1159 683 1271 756 insor-

212 797 314 868 tunio
336 796 539 896 perierunt3
568 795 745 892 quamvis,
764 819 810 868 an
833 821 940 896 supra
957 796 1016 870 vel
1042 797 1135 870 inira
1158 796 1272 870 mille·

210 914 351 989 narium
373 936 577 1004 numerum,
598 926 747 1011 propter
776 913 890 986 varias
917 913 1167 989 dissidentium
1189 940 1272 1014 par-

210 1032 301 1104 tium
318 1031 521 1130 opiniones,
540 1031 586 1103 sit
605 1031 797 1102 incertum.

259 1147 362 1221 Aliud
394 1162 515 1220 autem
547 1148 811 1236 infortunium,
845 1148 1037 1245 penuriam
1071 1147 1204 1222 scilicet
1236 1162 1272 1220 et

209 1263 385 1336 caristiam
399 1271 579 1359 ‘magnam
602 1285 756 1334 annonae
780 1261 849 1334 illic
873 1262 979 1336 etiarn
1003 1262 1272 1360 Burgundiones

209 1381 304 1478 passi
319 1379 475 1452 luerunt.
506 1382 596 1450 Nam
623 1402 706 1449 cum
729 1377 957 1474 providentia
974 1379 1272 1478 Burgundionum

211 1493 313 1567 ducis
337 1493 459 1567 suisset
484 1507 524 1564 ut
551 1494 586 1564 in
610 1491 849 1564 multitudine¹
863 1516 990 1590 magna
1012 1519 1184 1568 curruum
1200 1494 1272 1566 illic

210 1607 256 1684 de
278 1611 381 1682 terris
396 1609 469 1680 suis
485 1632 632 1680 annona
647 1607 838 1682 abundans
855 1607 1106 1699 adveheretur,
1125 1610 1271 1703 Franci,

210 1727 274 1825 qui
296 1727 334 1798 in
350 1723 553 1798 civitatibus
570 1736 607 1794 et
630 1723 772 1822 oppidis
793 1725 898 1822 regiis
916 1726 1147 1798 circumcirca
1161 1723 1269 1797 locati

209 1857 325 1931 erant,
344 1839 488 1912 insidias
503 1838 711 1935 hujusmodi
727 1840 891 1913 curribus
907 1856 943 1914 et
956 1866 1138 1915 annonam
1156 1842 1269 1940 ipsam

209 1956 494 2034 conducentibus
517 1957 554 2028 in
572 1956 697 2028 itinere
717 1957 958 2051 tetenderunt,
985 1958 1021 2029 in
1040 1959 1208 2056 ipsosque
1225 1981 1269 2030 ex

208 2075 388 2173 insperato
407 2071 593 2164 irruentes,
612 2071 708 2142 caesis
726 2087 834 2168 atque
851 2073 1037 2171 captivatis
1054 2072 1186 2164 multis,
1206 2074 1268 2171 qui

208 2187 264 2260 vel
286 2188 428 2261 adeam
443 2185 662 2277 vehendam,
678 2187 735 2259 vel
751 2212 874 2260 secure
895 2186 1146 2261 deducendam
1165 2188 1269 2261 mini·

208 2305 355 2378 sterium
380 2303 604 2403 praebebant,
623 2302 780 2376 abducta
806 2318 914 2400 atque
940 2305 1081 2404 direpta
1103 2304 1268 2402 hujusce-

208 2419 307 2494 modi
325 2443 489 2511 annona,
521 2434 560 2492 ut
589 2419 775 2490 incastris
802 2419 1101 2515 Burgundionum
1131 2420 1269 2518 aliquot

206 2534 333 2610 diebus
349 2533 427 2606 dira
443 2534 553 2606 sames
568 2546 604 2606 et
616 2533 755 2605 caristia
767 2547 894 2620 esseut,
912 2533 1120 2606 effecerunt.

940 2781 955 2812 0

574 2876 831 2946 CAPITULUM
856 2878 900 2945 ll.

206 3081 351 3154 Quomodo
365 3077 588 3151 Burgundionum
601 3075 666 3147 dux,
677 3077 790 3149 acceptis
800 3077 917 3150 epistolis
928 3075 1004 3132 ducis
1017 3079 1158 3133 Britannia
1169 3091 1195 3132 et
1206 3099 1270 3152 pro·

242 3164 356 3219 cassibus
368 3161 464 3214 habitis
479 3171 571 3214 contra
584 3157 716 3211 veneticos
733 3158 761 3210 in
773 3157 934 3231 Burdogala‚
953 3160 999 3230 qui
1015 3160 1111 3214 ducem
1123 3159 1271 3231 Aquitania

242 3243 426 3307 intoxicarant‚
442 3242 526 3294 solute
539 3236 680 3292 obsidione
693 3237 811 3306 Belvaci‚
826 3258 904 3310 agros
918 3239 1065 3294 caletenses
1077 3253 1104 3293 et
1116 3241 1183 3294 alios
1201 3239 1271 3294 rici-

241 3343 291 3378 nos
313 3321 451 3396 usquead
471 3320 572 3374 flumen
594 3319 687 3387 bue,
708 3318 798 3374 omnia
820 3318 978 3392 populando
1000 3331 1027 3373 et
1048 3318 1207 3389 cremando,
1228 3319 1271 3372 lu·

242 3403 343 3459 enavit.

254 3586 347 3656 Sane
362 3604 446 3654 cum
462 3581 500 3653 in
517 3580 639 3652 castris
654 3580 726 3650 suis
743 3593 826 3652 ante
843 3578 975 3651 dictam
991 3578 1172 3652 civitatem
1190 3576 1268 3652 Bel·

206 3722 337 3772 vacum
362 3696 482 3769 adhuc
517 3693 815 3792 Burgundionum
844 3693 918 3766 dux
950 3708 1069 3781 esset,
1101 3692 1270 3792 epistolas

206 3813 341 3912 recepit
361 3836 384 3884 a
408 3811 500 3884 duce
517 3810 725 3897 Britanniae,
755 3833 827 3882 una
852 3833 936 3880 cum
956 3823 1139 3904 gestorum
1164 3809 1270 3906 copia

204 3953 392 4031 processus
416 3925 529 4000 habiti
553 3928 591 3998 in
612 3923 822 4020 Bnrdegala‚
848 3925 1058 4023 priusquam
1073 3924 1146 3997 dux
1162 3926 1270 4020 Aqui·

205 4047 309 4119 taniae
325 4043 422 4116 diem
437 4043 620 4116 clauderet
638 4056 851 4134 extremum,
875 4055 1002 4113 contra
1022 4038 1102 4112 illos
1123 4039 1273 4113 scelera·

206 4162 363 4236 tissimos
388 4173 424 4233 et
445 4158 628 4234 maleficos
655 4183 676 4232 a
701 4156 806 4230 nobis
833 4183 941 4258 supra
965 4157 1188 4250 nominatos,
1209 4153 1271 4253 qui

209 4279 327 4354 eidem
341 4276 425 4350 duci
439 4275 569 4350 lethale
595 4275 694 4348 virus
713 4274 932 4350 sumendum
948 4271 1181 4348 tradiderant.
1203 4275 1271 4344 Per
