3282 5168
581 559 692 615 manu
711 559 894 630 Quassus.
1212 563 1268 620 aas

210 686 460 761 commodiore
477 690 534 761 ria
545 713 609 761 eos
625 689 804 764 edomitos
821 689 891 771 sibi
903 690 1086 788 subigere,
1108 708 1215 792 atque
1232 694 1267 765 in
1286 716 1287 724 ¹

210 802 414 894 seditiosos,
433 818 471 876 et
491 806 716 905 potissimum
740 806 925 884 seditionis
949 823 1128 902 auctores,
1153 822 1269 882 tantas

210 940 281 993 suae
295 918 457 1016 dignitati
473 921 645 1018 irrogatas
661 923 808 1020 injurias
824 923 1006 996 vindicare
1018 924 1155 1025 posset)
1171 950 1270 997 com·
1319 953 1324 964 ·
1362 899 1370 916 ⁸

211 1035 354 1107 modius
385 1062 449 1136 per
479 1039 709 1134 Germaniam
735 1055 770 1112 et
800 1063 881 1111 oras
908 1038 1022 1135 Rheni
1046 1042 1167 1139 copias
1189 1064 1269 1113 suas

210 1148 257 1221 ad
274 1149 350 1222 illas
371 1150 507 1224 alsatiae
532 1167 641 1224 terras
666 1178 772 1252 posse
798 1153 977 1251 trajicere,
997 1154 1034 1225 in
1058 1154 1189 1253 quibus
1207 1155 1269 1228 ali·

210 1282 415 1340 mentorum
432 1267 537 1368 copia
553 1294 745 1366 rerumque
757 1270 836 1340 usui
854 1269 938 1342 belli
956 1282 992 1341 et
1003 1272 1100 1368 pacis
1111 1295 1270 1344 necessa·

209 1383 343 1457 riarum
360 1384 584 1458 exuberatio¹
605 1399 693 1456 erat.
709 1383 818 1472 Quod
838 1384 933 1456 sactu
950 1384 1050 1459 facile
1072 1385 1140 1458 sibi
1162 1412 1267 1486 repu-

209 1500 307 1573 tabat
328 1517 364 1573 et
381 1501 526 1599 ¹absque
551 1500 625 1573 ullo
648 1526 748 1601 paene
774 1502 919 1598 negotio
944 1525 1048 1599 posse
1073 1501 1266 1601 perficere,

211 1615 381 1716 copulato
396 1617 462 1690 sibi
479 1618 598 1690 savore
621 1633 796 1690 terrarum
821 1616 1144 1716 archiepiscopatus
1166 1618 1270 1691 Colo·

210 1733 362 1824 niensis,
382 1758 492 1833 quem
509 1733 645 1831 absque
665 1732 872 1805 difficultate
888 1730 1096 1805 habitumm
1111 1733 1269 1807 confide·

208 1848 289 1942 bat,
317 1875 359 1956 ex
389 1850 444 1926 his
476 1875 554 1947 quae
584 1849 873 1950 archiepiscopus
901 1848 1017 1921 eidem
1046 1849 1154 1948 paulo
1185 1866 1268 1924 ante

208 1982 440 2062 suggesserat.
460 1965 710 2063 Pervulgatum
729 1965 826 2037 enim
846 1964 989 2064 publice
1005 1979 1081 2038 erat
1099 1965 1268 2038 eumdem

209 2081 539 2181 archiepiscopum,
563 2097 602 2154 ut
624 2081 876 2181 procliviorem
901 2106 984 2154 eum
1011 2082 1117 2154 adse
1144 2081 1267 2154 defen·

209 2194 370 2270 dendum
384 2214 509 2271 contra
524 2223 607 2270 suos
622 2197 772 2270 rebelles
789 2198 973 2290 redderet,
991 2198 1059 2270 sibi
1075 2191 1268 2272 affirmasse

208 2336 365 2412 eumque
385 2316 435 2387 ita
452 2316 489 2386 in
511 2313 618 2386 fidem
639 2339 786 2387 suarum
803 2315 1041 2387 assertionum
1057 2313 1265 2406 adduxisse,

209 2420 249 2500 ut
263 2456 337 2503 non
355 2430 534 2503 dubitaret
548 2431 705 2528 ciuitates
718 2446 752 2502 et
767 2430 900 2529 oppida
915 2429 1070 2502 ecclesiae
1082 2429 1269 2503 Colonien-

208 2545 274 2638 sis,
299 2571 408 2646 quam
436 2551 696 2646 primumcum
720 2571 803 2617 cum
827 2546 899 2617 suis
921 2545 1131 2618 adventasse
1156 2547 1269 2643 copiis

208 2687 363 2762 eumque
380 2664 470 2738 velle
495 2689 533 2737 se
557 2663 701 2762 aggredi
723 2687 765 2736 ac
787 2687 992 2761 expugnare
1018 2663 1265 2762 perviderent,

209 2779 344 2852 nullam
365 2781 398 2852 ei
415 2781 585 2852 lacturas'
603 2778 854 2870 resistentiam
873 2778 937 2850 sed
954 2779 1090 2873 statim,
1112 2803 1269 2850 non-ex-

208 2892 408 2993 spectantes
439 2921 477 2968 se
515 2895 711 2995 expugnari
740 2894 796 2965 vel
835 2893 1015 2988 obsideri,
1049 2894 1269 2968 deditionem

209 3008 382 3102 iacturas,
402 3010 509 3084 ethis
533 3035 611 3109 quau
629 3010 679 3083 eis
696 3007 883 3082 mandaret
902 3011 1090 3109 parituras.
1115 3010 1269 3098 Quodsi

208 3125 256 3199 ita
281 3128 368 3219 sibi,
398 3129 450 3201 uti
471 3129 509 3200 in
532 3128 694 3200 animum
720 3126 901 3198 induxisse
925 3126 1126 3220 videbatur,
1156 3128 1269 3200 res‘ei

206 3245 462 3342 processisset,
496 3241 810 3340 obedientiamque
843 3242 994 3316 civitatis
1025 3258 1061 3314 et
1094 3258 1269 3315 terrarum

206 3358 318 3456 ipsius
338 3358 493 3432 ecclesiae
512 3359 735 3432 Coloniensis
751 3373 876 3434 nactus
898 3358 1038 3451 luisset,
1056 3359 1183 3458 procul
1201 3360 1269 3434 du·

206 3472 269 3548 bio
290 3476 373 3547 satis
393 3475 582 3570 verisimile
602 3489 673 3566 est,
694 3499 806 3574 parvo
824 3475 970 3571 negotio
991 3498 1056 3573 per
1074 3489 1185 3547 terras
1209 3501 1270 3549 ec-

206 3589 322 3664 clesiae
336 3594 552 3691 Mogontinae
571 3591 729 3690 aliasque
746 3591 993 3684 intermedias,
1018 3593 1179 3690 primum
1203 3593 1269 3667 sibi

206 3723 240 3780 et
256 3710 329 3780 suis
344 3709 412 3781 iter
434 3709 538 3782 suisse
554 3708 791 3807 aperiturum,
816 3707 954 3806 quoad
973 3721 1082 3781 terras
1101 3735 1213 3807 usque
1234 3725 1269 3783 et

205 3850 310 3924 agros
326 3828 599 3925 Argentinenses
615 3838 651 3897 et
668 3822 804 3898 alsatiae
818 3821 1046 3922 pervenisset.

256 3945 500 4039 Destinaverat
525 3957 663 4036 autem,
684 3941 714 4014 si
738 3941 805 4012 iter
826 3938 1054 4035 hujusmodi,
1079 3941 1130 4011 uti
1152 3966 1269 4039 spera·

247 4213 278 4272 l.
300 4209 473 4270 Exuberatr's
484 4205 555 4266 dans
569 4205 597 4265 le
610 4225 665 4264 ms.

247 4307 276 4360 2.
300 4303 435 4358 Facimus
448 4298 520 4358 dans
533 4297 559 4356 le
575 4315 637 4369 ms„
