3014 5010
557 424 667 481 nunt
688 422 891 482 SECUNDUS.
1199 422 1255 480 tet

243 559 327 629 Erat
347 568 470 629 nutem
490 529 680 653 perfacile,
699 553 874 650 quoniam
898 576 979 639 rex,
999 551 1146 650 deipsis
1168 575 1259 623 cou-

192 670 278 747 lieus
294 670 456 769 nihilque
473 669 611 743 adversi
628 671 846 767 suspicatus,
871 670 922 740 eis
940 693 1065 741 curam
1080 683 1115 740 et
1129 682 1261 740 custo-

193 788 291 864 diam
307 789 418 887 ipsius
435 787 533 863 urbis
559 801 596 860 et
616 787 707 879 areis
728 786 889 882 ejusdem
911 788 1152 859 commiserat.
1174 789 1262 873 Qun

193 928 269 994 arx,
296 918 331 976 et
353 903 579 1000 ed'campos
600 915 638 974 et
667 899 712 973 ad
740 899 891 989 urbem,
923 902 1102 996 ingressus
1131 900 1263 973 liberos

196 1035 304 1118 etque
319 1021 435 1097 esitus
455 1017 576 1093 habet.
596 1021 817 1116 conceptam
837 1018 944 1113 igitur
960 1018 1053 1089 iuter
1068 1043 1105 1089 se
1118 1033 1154 1088 et
1178 1041 1263 1089 snos

195 1149 427 1211 assectatores
453 1132 662 1230 hujusmodi
700 1131 939 1211 delectionem
975 1147 1011 1205 et
1039 1132 1263 1205 voluntatem

195 1252 447 1327 denuntiatum
488 1249 664 1324 miserunt
702 1248 880 1348 precipue
919 1248 1073 1322 domiuo
1105 1248 1260 1336 Carolo,

195 1391 366 1465 germano
382 1366 492 1464 regie,
510 1381 548 1440 et
567 1365 696 1438 comiti
710 1365 887 1437 Dunensi.
908 1364 980 1452 Qui
999 1363 1046 1437 de
1061 1387 1107 1437 ee
1125 1388 1164 1436 re
1181 1363 1262 1462 plu·

194 1484 328 1556 timum
350 1484 459 1581 gavisi
476 1494 576 1573 stul,
591 1495 628 1555 et
645 1479 744 1554 nullo
758 1479 872 1553 modo
887 1503 967 1552 earn
989 1478 1260 1578 negligendam,

194 1601 257 1674 sed
283 1615 360 1675 tota
388 1599 570 1697 diligentia
594 1595 885 1695 prosequendam
915 1621 992 1668 esse
1022 1609 1260 1688 censuerunt,

194 1742 311 1816 eoque
331 1716 464 1813 gratior
485 1727 520 1789 et
536 1714 717 1812 acceptior
735 1712 959 1812 principibus
975 1711 1060 1804 luit,
1079 1712 1202 1808 quod,
1223 1727 1263 1785 ut

195 1829 368 1908 dominus
389 1834 539 1908 Carolus
562 1824 733 1906 ducatum
759 1834 987 1905 Norsnanuiae
1012 1847 1263 1928 assequeretur

195 1952 329 2048 (quem
343 1974 366 2024 a
381 1963 482 2052 patre
496 1950 562 2024 sibi
577 1951 754 2024 donatum
772 1950 877 2022 luisse
894 1948 1094 2045 ferebant),
1111 1975 1262 2047 magno·

195 2091 281 2165 pere
291 2068 484 2166 cupiebant
493 2091 619 2139 omnes
634 2067 812 2166 principes
821 2079 857 2138 et
866 2066 957 2137 socii
972 2066 1148 2139 factionis.
1162 2067 1261 2139 Exis-
1294 2105 1296 2110 ·

196 2181 371 2256 timebant
384 2185 486 2256 enim
499 2208 576 2255 non
598 2182 845 2281 imprudenter
860 2181 983 2279 qnod,
1005 2181 1068 2254 ubi
1084 2187 1262 2255 Norman·

197 2298 295 2370 uiam
321 2315 504 2372 assecutus
528 2297 623 2370 foret
648 2299 769 2394 (quae,
798 2297 874 2368 sine
900 2296 1021 2393 aliqua
1048 2298 1262 2371 intermedie

197 2428 307 2506 terra,
327 2441 369 2487 ex
387 2439 461 2486 uno
475 2426 635 2486 extremo
651 2412 735 2484 duci
749 2413 954 2500 Britannia,
968 2437 1012 2483 ex
1024 2412 1137 2485 altero
1152 2440 1266 2506 vero,

197 2529 343 2602 modico
374 2544 525 2628 excepto
557 2526 769 2619 intervallo,
799 2527 901 2630 terris
924 2527 1026 2599 ducis
1051 2528 1264 2624 Burgundiae

196 2644 481 2740 conterminat),
503 2644 600 2742 ipsos
619 2658 690 2715 tres
707 2643 907 2741 principes,
939 2643 987 2714 ita
1008 2668 1047 2714 se
1072 2645 1157 2742 ipsis
1172 2633 1263 2729 vici-

196 2775 341 2848 nantes,
364 2759 464 2832 lacile
484 2784 521 2830 se
545 2774 672 2830 eontra
685 2782 806 2854 regem
820 2771 854 2828 et
873 2757 962 2829 alios
982 2757 1051 2830 sibi
1069 2758 1263 2833 soederatos

195 2900 302 2974 posse
319 2875 485 2948 lutariae
502 2871 697 2944 defendere
724 2875 824 2968 (cum
839 2872 946 2943 etiam
965 2888 1000 2944 et
1021 2873 1139 2945 littora
1155 2875 1263 2947 maris

197 2993 412 3084 tenuissent,
431 3014 453 3064 a
479 2987 613 3060 finibus
630 2986 805 3060 flandriae
830 3013 943 3085 usque
964 2989 1205 3085 Pictaviarn),
1227 3006 1263 3064 et

197 3131 263 3203 per
287 3106 358 3178 hoc
383 3130 510 3178 eornm
540 3103 710 3202 potentiae
736 3117 845 3199 atque
866 3101 1020 3192 viribus,
1047 3105 1097 3175 sic
1119 3121 1262 3178 conter-
1326 3182 1333 3191 ,

199 3221 420 3295 minantibus
431 3219 686 3318 etconjunctis,
697 3219 1062 3313 regemverisirniliter
1072 3220 1263 3318 praevalere
1369 3202 1372 3206 Δ

198 3366 274 3413 non
285 3367 403 3441 posse3
418 3357 547 3414 contra
558 3364 666 3438 quern
679 3339 801 3423 etiam,
816 3339 846 3409 si
860 3339 1041 3436 ingrueret
1058 3341 1261 3433 necessitas,

201 3455 301 3530 lecile
317 3456 363 3531 ab
379 3456 505 3552 Anglio
524 3467 671 3555 possent
686 3453 815 3526 auxilia
834 3451 1011 3526 obtinere.

248 3575 406 3671 Operam
420 3573 548 3647 dantes
565 3585 605 3642 ut
624 3594 667 3642 ea
691 3594 768 3657 ree,
794 3566 840 3641 de
858 3593 930 3665 qua
955 3568 1260 3664 sollicitabantur,

199 3689 361 3762 votivum
376 3712 421 3762 ac
442 3688 595 3762 celerem
615 3686 801 3760 sortiretur
820 3684 1008 3775 ellectum,
1025 3686 1155 3760 ducem
1180 3693 1264 3759 Bor·

199 3803 322 3894 bonii,
344 3804 551 3900 nornine'ac
569 3804 646 3874 vice
674 3800 785 3898 ipsius
808 3798 949 3872 domini
966 3803 1107 3895 Caroli,
1128 3803 1265 3876 Rotho-

162 3923 166 3931 '
201 3946 347 4019 magum
374 3945 440 4019 per
464 3920 690 3992 Pontisaram
715 3917 950 3988 destinarunt.
980 3919 1068 4008 Qui,
1099 3943 1183 3990 curn
1208 3918 1265 3992 his

199 4063 289 4134 quas
304 4036 460 4111 habebat
475 4036 607 4135 copiis,
622 4033 777 4130 acceptis
796 4034 902 4104 etiam
919 4034 1062 4105 duobus
1079 4036 1133 4106 vel
1153 4035 1265 4108 tribus

200 4157 359 4232 millibus
375 4155 538 4253 equitum
555 4178 597 4225 ex
617 4149 832 4242 Britonibus,
846 4176 1002 4250 propero
1014 4177 1121 4226 cursu
1135 4154 1265 4227 Retho-
