3384 5184
402 531 459 589 ree
675 495 1191 588 msronimunnunovrcrxr

400 663 532 736 Hericii
548 685 663 762 prope
681 660 834 734 Parisios
849 659 968 734 adhuc
982 659 1187 752 detinebat3
1210 685 1253 733 ex
1269 661 1466 760 quotidiam

401 781 543 853 unicam
562 790 764 877 susceperat
771 781 793 848 ‘.
819 783 863 850 Et
877 801 1085 877 quanquam
1108 777 1178 850 tale
1200 777 1319 850 sortiri
1336 779 1466 875 conju-

313 925 322 946 =
400 899 499 997 gium
516 897 577 994 (co
601 894 700 994 quod
719 894 928 991 hujusmodi
947 895 1038 983 filia,
1057 919 1123 966 nec
1141 909 1284 971 matura
1300 893 1379 966 viro
1396 919 1465 967 nec

398 1013 446 1089 ad
461 1011 668 1110 complexus
685 1009 802 1083 viriles
816 1009 864 1082 ad
878 1034 994 1084 annos
1008 1008 1141 1108 plures,
1159 1009 1209 1081 ob
1222 1009 1462 1106 juventutem,

400 1129 530 1203 habilis
559 1151 634 1200 esse
660 1128 843 1225 poterat¹)
871 1152 938 1201 nec
964 1126 1032 1198 sibi
1056 1149 1125 1198 nec
1157 1151 1305 1197 suorum
1334 1125 1467 1198 accolis

402 1245 649 1340 dominiorum
677 1241 848 1340 placitum
873 1243 956 1316 satis
979 1255 1093 1336 esset,
1125 1255 1245 1314 tamen
1273 1255 1312 1312 ut
1338 1264 1467 1340 accep-

404 1377 481 1434 tum
496 1373 710 1460 gratumque
725 1357 793 1430 sibi
808 1357 910 1430 fieret
932 1378 994 1430 rex
1014 1358 1212 1457 plurimum
1229 1381 1354 1431 curare
1371 1356 1468 1430 vide·

402 1475 522 1571 batur,
541 1475 754 1575 promittens
769 1476 890 1566 etiam,
910 1474 1004 1547 dotis
1021 1475 1181 1562 nomine,
1199 1473 1336 1573 amplas
1355 1487 1468 1546 terras

404 1594 546 1694 lataque
558 1591 765 1664 dominiase
778 1590 959 1664 daturum.
975 1589 1123 1662 Aiebant
1134 1590 1244 1680 enirn,
1257 1604 1291 1660 et
1302 1590 1349 1661 ita
1358 1588 1467 1686 vulgo

405 1709 619 1800 serebatur,
652 1706 753 1805 quod
781 1708 814 1779 ei
842 1706 987 1780 offerret
1011 1695 1098 1778 dare
1125 1706 1358 1805 Campaniam
1383 1729 1468 1776 cum

405 1825 590 1899 nonnullis
607 1822 684 1896 aliis
700 1824 803 1896 terris
820 1821 1098 1920 adjacentibus⁸.

454 1944 550 2028 Quas
565 1963 662 2028 cum,
678 1951 801 2010 utrum
813 1939 896 2011 satis
910 1962 1034 2010 secure
1046 1938 1221 2036 accipere,
1236 1938 1312 2036 ipse
1326 1935 1469 2010 illustris

405 2081 527 2130 comes
549 2053 746 2151 ambigeret
767 2077 831 2125 seu
851 2051 1052 2146 diffideret,
1079 2054 1175 2125 misit
1200 2053 1354 2126 Parisios
1377 2077 1470 2124 non-

407 2172 525 2246 nullos
541 2159 679 2270 qieritos
688 2170 780 2267 juris
798 2170 845 2243 de
860 2196 926 2243 suo
952 2170 1122 2260 consilio,
1148 2171 1211 2270 qui
1234 2171 1306 2244 illic
1322 2171 1471 2271 perqui-

332 2355 335 2360 .
406 2306 527 2366 rerent
558 2314 601 2364 ac
635 2291 886 2390 investigarent
918 2291 1130 2388 diligenter,
1164 2292 1194 2364 si
1226 2291 1421 2390 aliquando
1447 2317 1470 2366 a

405 2406 551 2505 regibus
560 2411 782 2479 Francorum
795 2408 868 2480 suis
881 2405 1022 2480 filiabus
1034 2408 1117 2480 talia
1128 2431 1170 2480 ac
1183 2421 1282 2480 tanta
1291 2393 1470 2482 ¹terrarum

409 2525 571 2599 dominia
595 2526 631 2596 in
661 2525 785 2598 dotem
807 2526 982 2624 assignata
1011 2525 1184 2617 fuissent,
1219 2527 1307 2598 dum
1341 2527 1471 2625 nuptui

410 2642 667 2716 traderentur‘.
691 2643 763 2730 Qui
781 2641 950 2741 quidem,
977 2665 1061 2714 cum
1081 2657 1243 2716 exactam
1266 2643 1312 2715 de
1331 2641 1405 2715 hoc
1428 2669 1472 2718 ac

450 2841 481 2899 t.
503 2837 595 2897 Maris
608 2837 645 2898 de
658 2841 852 2919 Bourgogne,
867 2837 1008 2897 duchesse
1022 2836 1107 2916 apres
1126 2835 1154 2898 la
1170 2848 1247 2898 mort
1261 2837 1297 2898 de
1310 2837 1429 2899 Charles
1445 2839 1473 2900 le

410 2927 586 2989 Temeraire.
903 2933 928 2956 ¹·

344 3039 346 3046 ·
406 3081 408 3086 ,
452 3020 481 3078 2.
505 3017 569 3076 Elle
582 3016 650 3076 erait
668 3015 723 3076 nee
745 3035 781 3075 en
804 3018 892 3086 1461,
909 3023 963 3094 pa'r
978 3013 1156 3096 consequent
1172 3015 1280 3075 n’avait
1297 3035 1403 3078 encore
1416 3037 1474 3096 que

412 3123 514 3190 quatre
539 3129 613 3184 ans,
641 3109 758 3186 lorsque
774 3108 815 3168 ,le
843 3119 938 3168 comte
965 3107 1002 3167 de
1024 3108 1172 3171 Charolais
1198 3129 1235 3170 en
1262 3102 1340 3170 avait
1364 3107 1474 3172 t'rente-

412 3201 493 3261 trois.

452 3293 481 3350 3.
504 3291 580 3348 C’est
599 3305 637 3346 en
657 3286 725 3346 esset
747 3306 781 3346 ce
801 3287 853 3366 qui
874 3299 917 3348 est
937 3301 1063 3350 contenu
1084 3288 1156 3351 dans
1176 3291 1203 3351 le
1223 3291 1319 3373 projet
1340 3291 1437 3350 dressd
1458 3294 1475 3350 t

412 3374 660 3447 villiers-le·Bei,
680 3376 708 3436 le
721 3378 738 3435 ³
750 3374 911 3436 novembre
926 3381 1015 3438 1465.
1033 3380 1057 3439 11
1071 3392 1115 3440 est
1127 3379 1168 3440 dit
1183 3379 1219 3441 de
1231 3380 1312 3460 plus,
1326 3397 1383 3459 que
1399 3399 1476 3460 pour

412 3467 621 3546 dedommager
642 3467 672 3526 le
692 3479 787 3528 comte
808 3466 894 3526 desa
914 3466 1022 3549 longue
1045 3483 1153 3530 attente
1173 3471 1290 3550 jusqu'd
1311 3489 1421 3550 coque
1443 3490 1475 3529 sa

412 3559 521 3618 flancde
539 3559 583 3615 sdt
601 3557 718 3632 nubile,
739 3556 760 3616 il
777 3557 896 3631 jouirait
915 3558 956 3618 du
975 3560 1118 3621 Ponthieu
1136 3573 1165 3620 et
1179 3560 1220 3619 du
1233 3562 1326 3620 comte
1344 3559 1380 3619 de
1395 3563 1475 3619 Bou·

412 3649 510 3728 logne.
526 3647 646 3728 Lenglet
665 3645 843 3727 Dufresnoy‚
859 3650 1025 3722 Commium,
1039 3662 1060 3708 t.
1074 3654 1114 3722 11,
1127 3669 1158 3728 p.
1175 3653 1245 3711 543.

452 3740 481 3796 d.
505 3734 594 3798 Selon
607 3735 717 3796 Olivier
732 3735 769 3795 de
782 3739 825 3796 La
837 3739 967 3811 Marche,
983 3752 1058 3798 cette
1074 3737 1251 3798 verification
1264 3737 1308 3797 fut
1320 3737 1389 3798 faite
1403 3757 1475 3820 pen·

413 3825 555 3905 dantque
572 3825 600 3886 le
619 3838 713 3886 comte
731 3825 768 3886 de
784 3826 931 3888 Charolais
949 3827 1016 3888 erait
1028 3847 1135 3888 encore
1148 3831 1164 3916 a
1178 3827 1331 3889 Conssuns:
1351 3856 1365 3882 α
1382 3829 1478 3890 Grans

411 3916 586 3996 partenents
599 3917 697 3976 surent
708 3929 791 3976 tenus
810 3929 891 3978 entre
909 3916 939 3976 le
951 3929 1046 3977 comte
1061 3931 1089 3978 et
1107 3917 1135 3978 le
1148 3938 1214 3998 roy,
1229 3918 1367 3978 touchant
1380 3917 1476 3996 iceluy

412 4007 551 4086 mariage.
576 4010 611 4064 Et
633 4005 731 4064 ofsroit
753 4007 780 4065 le
797 4005 850 4086 roy
870 4006 906 4066 de
925 4005 1038 4068 donner
1054 4027 1092 4068 en
1107 4006 1235 4088 mariage
1261 4009 1278 4066 t
1301 4025 1332 4066 sa
1351 4006 1410 4066 fille
1433 4005 1477 4068 les

412 4103 520 4162 comtes
534 4099 570 4160 de
588 4099 655 4160 Brie
672 4112 700 4158 et
715 4099 752 4160 de
766 4100 971 4181 Champaigne.
991 4105 1026 4160 Et
1043 4120 1119 4180 pour
1133 4115 1209 4160 ceste
1222 4101 1345 4160 matidre
1361 4102 1405 4160 sut
1422 4120 1476 4160 en-

415 4191 489 4272 voye
508 4192 623 4251 maistre
642 4189 735 4250 Jehan
756 4185 941 4265 Carondelet,
956 4189 1008 4268 qui
1027 4188 1130 4269 depuis
1147 4208 1166 4248 a
1185 4189 1245 4248 este
1264 4187 1428 4248 chancolier
1440 4187 1478 4246 de

415 4283 606 4361 Bourgogne‚
625 4300 696 4340 evec
716 4281 824 4362 charge
846 4280 938 4340 d’aler
958 4284 975 4341 d
997 4281 1077 4341 Paris
1097 4293 1126 4340 et
1144 4280 1182 4339 de
1199 4280 1298 4340 visitor
1313 4279 1354 4340 ies
1373 4279 1480 4352 tittres,
