3322 5172
363 525 419 582 396
631 523 887 583 mstumnnutt
907 522 1085 581 LUDOVIGI
1104 522 1148 580 xl

361 673 396 730 et
419 658 750 749 consummatione,
775 654 999 730 redeundum
1014 654 1121 727 nobis
1140 656 1256 728 estad
1277 679 1321 729 ea
1339 679 1420 753 quae

360 775 399 846 in
416 775 586 873 temporis
599 773 812 846 intermedio
830 785 926 868 gesta
940 770 1097 845 recolere
1108 771 1305 871 potuimus.

700 1070 954 1140 carnututr
984 1070 1076 1139 v111.
1270 1030 1271 1040 '

448 1271 488 1322 De
500 1269 577 1340 gestis
589 1288 638 1341 per
651 1268 772 1322 comitem
788 1263 822 1322 de
835 1268 922 1320 Bisclre
935 1280 1029 1321 contra
1041 1265 1137 1320 ducem
1150 1261 1331 1336 Bur-gandia,

536 1363 563 1402 et
576 1348 611 1404 da
628 1349 718 1403 reditu
727 1347 802 1402 ducis
815 1347 995 1421 Letharingin
1008 1347 1036 1401 in
1048 1360 1143 1402 ten-am
1156 1363 1242 1400 suam.

409 1530 488 1601 Fuit
508 1529 616 1626 igitur
637 1529 933 1628 Burgundionum
950 1527 1047 1623 dux,
1065 1542 1153 1626 post·
1161 1525 1281 1599 clades
1304 1526 1421 1597 aSui-

362 1644 520 1716 tensibus
537 1649 717 1746 susceptas
739 1661 775 1717 et
791 1645 933 1742 lugam,
951 1670 1022 1743 qua
1040 1645 1077 1717 in
1097 1643 1340 1742 burgundiam
1356 1666 1420 1716 au·

363 1761 474 1858 fugit,
506 1787 570 1861 per
595 1761 732 1861 aliquot
755 1760 1003 1834 hebdomadas
1027 1762 1122 1833 circa
1147 1760 1418 1849 Bisuntionem;

362 1878 425 1949 ubi
452 1878 624 1975 paulatim
655 1880 816 1950 animum
846 1901 1093 1964 reassumens,
1128 1901 1221 1974 quos
1254 1889 1418 1974 poterat,

361 2021 403 2068 ex
421 1994 479 2066 his
495 1997 559 2092 qui
575 1997 656 2091 fuga
678 1993 771 2067 elabi
796 2009 1012 2093 potuerant,
1031 1992 1223 2089 colligebat
1242 1990 1419 2087 reliquos,

363 2112 616 2208 undecumque
636 2115 743 2184 etiam
758 2137 887 2200 novos,
903 2127 974 2184 tam
992 2110 1130 2210 pedites
1142 2105 1252 2209 quam
1269 2108 1418 2205 equites,

362 2227 577 2300 adsciscens

411 2343 515 2439 Atqui
527 2368 584 2415 res
599 2370 670 2416 suae
686 2342 802 2416 lractae
818 2357 854 2417 et
865 2343 988 2416 lacerae
999 2342 1161 2442 prolecto
1180 2340 1335 2440 pessimo
1352 2354 1423 2413 sta-

360 2459 449 2530 bant
467 2458 563 2530 loco.
585 2463 675 2531 Nam
691 2485 775 2530 cum
793 2460 950 2559 primum
975 2459 1012 2530 in
1025 2457 1250 2556 2Sabaudiam
1266 2481 1348 2528 suas
1363 2479 1424 2530 coe

361 2577 438 2674 pias
464 2575 634 2650 adversus
659 2575 839 2648 Suitenses
865 2575 1079 2672 trajecisset,
1102 2573 1252 2670 quidam
1275 2596 1420 2662 comes,

362 2693 563 2763 Germanus
579 2692 746 2777 natione,
767 2690 832 2762 sed
847 2673 1017 2762 vassallus
1034 2688 1137 2761 ducis
1158 2686 1418 2784 Lotharingiae,

364 2821 608 2906 cognomento
635 2807 681 2880 de
708 2808 874 2898 Birclze¹,
895 2809 1018 2904 gravia
1052 2805 1187 2880 damna
1222 2811 1330 2902 atque
1358 2804 1422 2874 irn-

363 2922 570 3020 pedimenta
595 2920 664 2995 sibi
700 2939 735 2997 et
767 2923 846 3017 his,
870 2924 933 3021 qui
957 2921 990 2993 ei
1023 2937 1096 2994 tam
1127 2921 1165 2991 in
1195 2917 1424 3014 Lotharingia

362 3065 472 3137 quam
502 3043 539 3112 in
570 3055 663 3112 terra
689 3040 993 3137 luxemburgensi
1028 3037 1229 3138 parebant,
1261 3027 1454 3108 dietenus'

227 3185 235 3200 ¹
362 3155 547 3229 inferebat.
579 3155 742 3231 Habebat
768 3158 902 3256 quippe
929 3155 1094 3255 quaedam
1118 3167 1233 3226 castra
1260 3153 1424 3225 munitis·

362 3270 451 3342 sima
469 3273 504 3343 in
524 3270 682 3344 finitimis
700 3270 938 3366 lotharingiae
955 3284 991 3343 et
1009 3269 1241 3360 alemanniae,
1259 3290 1339 3367 quae
1351 3267 1421 3341 dux

364 3386 578 3482 burgundiae
596 3387 633 3458 in
651 3400 861 3485 conquaestu
881 3388 1134 3484 Lotbaringiae,
1156 3385 1334 3458 desiderio
1358 3385 1425 3458 fes·

365 3500 503 3573 tinandi
526 3502 573 3577 ad
597 3501 734 3574 bellum
759 3503 999 3598 Suitensium‚
1029 3505 1162 3576 intacta
1187 3525 1255 3573 nec
1279 3499 1425 3574 subacta

364 3616 567 3717 reliquerat.
602 3624 629 3689 E
652 3618 783 3718 quibus
806 3635 841 3692 et
866 3620 971 3714 alias,
1007 3619 1259 3715 undecumque
1287 3618 1422 3715 potuit,

363 3753 437 3811 tam
450 3737 612 3837 equitum
628 3763 740 3837 quam
755 3737 918 3838 peditum
936 3737 1076 3810 circiter
1093 3734 1189 3808 mille
1209 3735 1421 3832 aggregavit.

367 3854 515 3926 insidias
538 3853 657 3953 itaque
681 3853 823 3952 oppidis
850 3867 885 3924 et
914 3850 1065 3925 castellis
1087 3849 1324 3946 Lotharingiae
1348 3863 1424 3922 ten-

366 3969 475 4063 dens,
495 3984 530 4042 et
550 3984 683 4041 terram
706 3993 788 4040 cum
808 3991 874 4040 suo
895 3966 1070 4038 comitatu
1087 3962 1329 4064 perlustranS‚
1347 3988 1426 4062 quae

366 4104 402 4162 et
413 4100 710 4188 quantapoterat,
729 4084 1043 4183 burgundionibus
1054 4081 1253 4173 auferebat,
1272 4081 1310 4153 in
1326 4105 1433 4156 suam.

407 4301 437 4357 l.
458 4299 569 4372 Simon,
584 4311 678 4358 comte
692 4295 730 4356 de
746 4294 846 4356 Bitche
859 4308 888 4354 et
899 4292 935 4351 de
949 4293 1145 4351 Deua-Penta.
