3402 5186
665 513 775 574 uum
794 513 944 576 Fuluus.
1296 520 1333 576 39

273 645 388 721 multo
402 646 657 745 molestiorque
669 645 788 720 luerit.
802 649 892 720 Nam
905 660 941 718 et
955 646 1007 722 illi
1022 647 1151 744 egregii
1166 647 1334 724 officiales

273 761 434 835 domenii
452 761 595 860 regalis,
615 762 681 862 qui
699 775 773 836 tam
793 761 895 835 avide
911 761 1124 835 factionibus
1144 761 1335 838 advocato·

273 903 353 950 rum
369 879 515 976 (quales
534 893 570 952 et
586 878 653 978 ipsi
670 879 769 974 suut)
784 877 993 975 hujusmodi
1006 877 1255 955 collectionem
1272 881 1335 958 tri-

272 992 445 1066 butorum
471 993 604 1069 habere
628 995 869 1098 expetierant,
894 1019 970 1068 non
992 995 1130 1085 miuus,
1155 994 1218 1070 sed
1244 995 1336 1073 forte

272 1109 410 1184 avidius
432 1111 539 1188 etiam
564 1110 863 1187 concussionibus
886 1125 923 1184 et
943 1111 1075 1209 rapinis
1097 1111 1337 1214 incubuerunt

270 1228 493 1327 (hujusmodi
510 1231 707 1304 ministeria
720 1230 789 1303 sibi
802 1255 876 1302 non
890 1229 953 1303 diu
970 1228 1139 1305 duratura
1150 1232 1233 1304 satis
1244 1234 1334 1311 aesti·

271 1347 431 1444 mantes)
454 1372 564 1446 quam
590 1346 771 1445 prioribus
796 1346 899 1425 annis
921 1344 1091 1423 officiales
1117 1345 1335 1427 tributorum

271 1463 386 1536 heere
403 1478 647 1537 consuessent.

318 1578 438 1653 Talem
455 1579 575 1676 igitur,
593 1603 635 1652 ex
646 1577 946 1677 promissionibus
962 1577 1158 1658 clementiae
1174 1591 1210 1653 et
1226 1577 1334 1655 bene·

270 1695 420 1770 ficentiae
436 1695 578 1794 regalis,
605 1698 642 1768 in
662 1695 826 1792 jucundo
849 1717 915 1772 suo
934 1692 1093 1767 adventu
1118 1694 1237 1787 factis,
1262 1699 1334 1772 exi-

270 1826 347 1884 tum
374 1826 483 1910 atque
510 1811 664 1883 fructum
693 1812 822 1884 misera
843 1809 1064 1886 Normannia
1089 1809 1242 1902 invenit;
1269 1814 1332 1910 qui

270 1940 390 2000 tamen
417 1953 495 2018 rex,
514 1941 616 2026 patre
641 1927 783 2000 vivente
806 1941 842 2000 et
859 1952 903 2004 eo
920 1950 1066 2025 quoque
1084 1941 1246 2002 recenter
1268 1927 1332 2002 de·

269 2040 421 2133 fimeto,
432 2041 552 2116 dicere
568 2040 693 2114 solitus
709 2055 786 2114 erat
806 2067 844 2119 se
867 2040 965 2114 illam
988 2041 1122 2117 caeteris
1138 2042 1333 2141 provinciis

269 2157 369 2254 regni
384 2157 519 2230 habere
535 2157 759 2248 chariorem,
779 2157 968 2256 eidemque
984 2159 1138 2235 maxime
1154 2161 1329 2258 compati,

268 2273 369 2370 quod
387 2289 461 2346 tam
477 2274 626 2350 immani
642 2287 678 2348 et
695 2273 829 2370 injusto
853 2273 1085 2365 collationum
1100 2259 1209 2373 atque
1225 2279 1333 2352 vecti·

268 2388 401 2486 galium
418 2413 530 2462 onere
547 2403 782 2488 premeretur.

317 2508 390 2578 Nec
416 2531 504 2578 vero
530 2529 613 2578 eam
640 2504 898 2604 promissorum
928 2503 1088 2600 ejusdem
1121 2505 1230 2578 fidem
1257 2508 1332 2582 sola

268 2622 509 2715 Normannia,
539 2622 603 2694 sed
633 2645 760 2692 omnes
785 2619 897 2694 ferme
919 2618 1114 2694 Galliarum
1137 2621 1332 2718 provinciae

267 2753 490 2836 compertam
517 2736 745 2829 habuerunt;
763 2761 842 2834 quae
859 2761 935 2810 uon
961 2734 1074 2807 modo
1091 2759 1166 2808 non
1189 2734 1328 2828 levate,

266 2853 382 2928 sedet
405 2854 563 2928 adauctae
581 2869 616 2926 et
639 2855 763 2928 durius
780 2867 916 2926 onustae
932 2849 1181 2924 collationibus
1195 2867 1231 2924 ct
1249 2878 1331 2926 vec·

266 2968 430 3067 tigalibus
466 2970 685 3044 exstiterunt.
722 2967 826 3042 Unde
860 2966 1042 3040 hocloco
1074 2966 1332 3041 convenienter

265 3084 476 3158 inserendus
503 3084 610 3160 nobis
626 3084 769 3158 videtur
790 3108 893 3156 casus
914 3080 1152 3156 lamentabilis
1174 3083 1239 3180 qui
1264 3085 1330 3158 lle·

264 3227 410 3276 morum
432 3202 630 3294 civitatem,
658 3199 746 3273 olim
769 3201 1062 3304 insignissimam,
1083 3224 1127 3272 ex
1142 3199 1331 3274 occasione

265 3327 547 3426 promissionum
570 3351 635 3424 per
658 3349 796 3422 regem,
823 3339 863 3396 ut
890 3349 999 3424 supra
1027 3324 1234 3414 retulimus,
1262 3324 1332 3396 loci

265 3442 402 3516 civibus
417 3441 562 3543 publice
579 3441 773 3532 saetarum,
791 3440 1042 3541 apprehendit.

314 3560 470 3632 Vixdum
488 3560 604 3649 enim,
620 3572 813 3660 postquam
830 3557 902 3630 illic
922 3582 984 3629 rex
1006 3557 1175 3631 inunctus
1194 3557 1330 3648 suerat,

266 3677 449 3750 mensibus
476 3676 621 3750 duobus
653 3676 812 3769 effluxis,
848 3675 936 3748 dum
970 3675 1140 3750 officiales
1177 3674 1332 3748 tributo-

265 3818 347 3864 rum
376 3810 564 3867 consuetas
592 3792 747 3892 gabellas
766 3807 802 3865 et
822 3792 1070 3892 impositiones
1091 3792 1167 3890 (uti
1185 3808 1333 3892 perante

265 3907 411 3980 solitum
438 3912 537 4008 erat)
560 3909 760 3982 subhastari
780 3909 965 4003 lacerent,
994 3923 1034 3981 ut
1058 3910 1218 4008 potiores
1244 3935 1332 3982 con-

265 4023 420 4098 ditiones
451 4027 488 4098 in
522 4026 717 4099 licitatione
750 4025 982 4100 ollerentihus
1017 4026 1329 4124 adjudicarentur,

266 4163 444 4216 memores
457 4139 584 4241 populi
596 4141 876 4240 promissionum
891 4141 959 4216 sibi
975 4155 1139 4216 recenter
1153 4166 1215 4214 ore
1232 4143 1331 4240 regio

267 4255 461 4351 laetarum,
482 4257 722 4330 existimantes
748 4256 824 4330 haec
849 4283 923 4331 non
947 4283 1053 4358 posse
1076 4283 1119 4330 ex
1143 4258 1332 4358 principali
