3402 5186
363 493 403 554 88
637 486 894 546 HISTORiARUM
912 485 1091 544 woovtct
1110 485 1154 542 Xl

364 645 473 719 quam
488 644 575 693 vero
593 642 737 692 causam
755 616 838 689 illuc
858 616 955 689 idem
976 615 1165 690 Bastardus
1185 641 1270 688 cum
1293 631 1429 693 armata

365 739 476 811 fuste*
500 736 711 837 appulisset,
732 736 946 827 sciscitatus,
972 759 1010 806 se
1031 759 1178 832 prorsus
1206 734 1342 806 nescire
1372 759 1429 807 re·

364 854 528 954 spondit;
544 877 582 924 se
593 867 629 924 et
638 853 755 924 socios
764 876 849 923 suos
861 849 1111 950 stipendiarios
1122 850 1251 922 milites
1260 875 1349 943 esse,
1366 851 1429 951 qui

363 996 386 1044 a
402 995 484 1067 rege
495 970 584 1067 jussi
600 968 750 1040 fuissent
767 992 850 1039 cum
869 967 930 1038 illo
950 965 1136 1060 Bastard0,
1156 966 1344 1065 capitaneo
1362 966 1429 1038 sibi

364 1085 467 1178 dato,
491 1087 542 1158 ire
567 1108 799 1182 quocumque
817 1108 880 1156 eos
901 1083 1032 1155 ducere
1050 1081 1172 1179 vellet,
1197 1099 1231 1156 et
1247 1084 1345 1180 jussa
1365 1108 1429 1158 sua

363 1201 552 1302 perficere3
575 1199 663 1299 quid
681 1225 767 1272 vero
785 1223 890 1296 agere
912 1214 1111 1299 proponat,
1135 1223 1255 1298 quove
1278 1201 1323 1272 sit
1342 1225 1429 1298 pro·

365 1319 538 1407 tecturus,
566 1341 604 1390 se
626 1317 773 1401 minime
796 1314 967 1388 sollicitos
988 1339 1065 1388 esse
1093 1340 1160 1388 nec
1185 1317 1346 1390 curiosos
1374 1319 1430 1388 in·

364 1433 594 1530 vestigatores
610 1457 673 1506 seu
689 1432 916 1529 inquisitores
935 1455 1009 1504 esse
1029 1430 1173 1504 debere.
1363 1423 1365 1428 ’

413 1554 492 1622 Ηοο
507 1527 614 1648 igitur
628 1549 678 1621 sic
697 1549 821 1622 audito
841 1562 877 1619 et
896 1548 1003 1646 hujus
1024 1547 1075 1619 rei
1095 1571 1241 1620 rumore
1259 1547 1306 1623 ad
1326 1571 1430 1622 aures

364 1664 534 1764 principis
554 1664 710 1764 perlato,
734 1663 899 1736 admirati
919 1677 1005 1736 sunt
1021 1687 1147 1738 omnes
1171 1677 1205 1738 et
1228 1662 1311 1736 sacti
1334 1663 1431 1736 velut

364 1781 483 1854 subito
507 1780 667 1880 quodem
688 1795 834 1880 stupore
853 1780 1017 1869 attoniti,
1046 1793 1236 1878 pensantes
1258 1779 1430 1878 quidnam

363 1923 440 1970 esse
466 1912 594 1996 posset.
619 1896 721 1995 quod
753 1910 896 1968 armatae
923 1919 1052 1986 naves,
1083 1895 1172 1968 nibil
1197 1895 1308 1968 aliud·
1321 1921 1431 1994 quam

364 2011 461 2084 viros
486 2023 522 2081 et
546 2033 648 2083 arma
674 2010 921 2101 continentes,
952 2032 973 2080 a
1002 2033 1085 2108 rege
1113 2015 1334 2083 Francorum
1359 2011 1431 2085 illic

365 2124 549 2198 destinatae
574 2139 711 2215 essent,
739 2138 775 2196 et
801 2139 872 2197 tam
898 2124 987 2216 alte,
1017 2125 1111 2198 intra
1136 2125 1249 2198 Rheni
1274 2126 1432 2200 fluminis

364 2241 520 2330 alveum,
539 2262 560 2310 a
577 2240 667 2310 mari
685 2238 756 2312 illic
774 2241 1010 2312 emersissent.
1029 2239 1142 2314 Doios
1155 2241 1278 2338 itaque
1294 2256 1330 2314 et
1345 2243 1431 2314 insi·

365 2353 444 2426 dias
461 2352 631 2426 omnibus
646 2353 920 2454 suspicantibus,
940 2356 1058 2428 statim
1074 2356 1200 2428 armati
1217 2355 1315 2428 missi
1333 2371 1430 2451 sunt,

366 2469 430 2568 qui
447 2492 576 2543 navem
599 2469 761 2568 inportu
780 2471 1038 2568 quiescentem,
1059 2496 1142 2544 curn
1160 2470 1330 2544 omnibus
1349 2473 1433 2546 viris

271 2577 273 2586 ’
366 2610 458 2684 quos
477 2583 693 2679 advexisset,
717 2585 784 2658 sub
802 2575 937 2663 atresto
952 2600 1132 2686 ponerent
1149 2601 1186 2658 et
1201 2587 1237 2658 in
1256 2587 1433 2687 oppidum

367 2700 600 2776 adducerent.

416 2818 525 2907 Quod
547 2843 631 2890 cum
652 2819 702 2890 ita
726 2817 857 2890 factum
882 2818 1022 2912 fuisset,
1049 2834 1235 2918 coeperunt
1254 2819 1434 2916 sigillatim

369 2959 495 3008 omnes
514 2935 647 3032 inquiri
661 2932 851 3030 diligenter
871 2949 906 3007 et
926 2934 1053 3008 sedulo
1074 2959 1239 3033 quaenarn
1255 2959 1363 3010 causa
1380 2938 1434 3010 sui

367 3048 452 3122 illuc
465 3049 640 3122 adventus
653 3060 756 3142 esset,
773 3048 945 3148 quodque
957 3051 995 3124 in
1007 3050 1185 3124 mandatis
1196 3075 1215 3123 a
1228 3075 1310 3149 rege
1322 3051 1434 3124 habe·

368 3179 465 3256 rent,
487 3163 535 3238 ob
553 3162 653 3262 quod
669 3164 957 3261 exsequendum,
977 3181 1123 3265 portum
1145 3167 1196 3240 sic
1216 3167 1317 3240 illum
1334 3167 1434 3241 clan-

368 3283 492 3355 culum
507 3280 709 3380 petiissent,
728 3278 773 3352 de
790 3305 857 3352 suo
874 3281 1030 3355 adventu
1049 3307 1117 3355 nec
1133 3284 1351 3383 principem,
1367 3307 1435 3358 nec

370 3422 589 3496 quemquam
611 3420 761 3470 suorum
785 3396 1034 3472 certificantes.
1055 3399 1269 3500 Capitaneus
1292 3414 1433 3493 autem,

370 3513 429 3586 ille
448 3512 637 3588 Bastardus
653 3514 787 3586 scilicet
806 3514 851 3587 de
872 3515 1087 3615 Rubemprd,
1111 3515 1238 3591 videns
1259 3516 1345 3609 sibi,
1368 3518 1437 3592 nisi

372 3629 557 3704 veritatem
583 3645 811 3725 agnosceret,
843 3632 969 3704 mortis
996 3633 1186 3706 imminere
1212 3633 1434 3732 periculum,

412 3867 442 3925 1.
465 3870 556 3924 Arma
573 3865 648 3943 fuste
663 3865 735 3926 dans
749 3866 777 3925 le
792 3885 846 3926 ms.
863 3870 959 3926 Fastis
978 3887 1018 3928 ou
1039 3869 1134 3944 furta,
1153 3887 1189 3928 en
1206 3868 1295 3928 vieux
1316 3867 1438 3946 franceis

373 3974 426 4012 ane
441 3955 528 4031 fuste,
544 3969 572 4014 et
586 3958 652 4033 plus
666 3954 730 4014 tard
745 3976 800 4042 ope
810 3957 909 4032 (laste,
925 3971 967 4016 est
979 3957 1008 4018 le
1021 3975 1182 4037 synonyme
1195 3958 1233 4018 de
1250 3977 1283 4018 ce
1296 3978 1353 4037 que
1364 3959 1438 4017 l'au·

373 4055 438 4104 teur
453 4043 568 4124 appelle
590 4044 655 4122 plus
672 4044 743 4104 haut
757 4044 869 4105 subtilis
883 4051 996 4125 gallea,
1017 4046 1106 4126 petite
1123 4046 1227 4129 gallie.
1248 4051 1305 4108 Les
1320 4047 1440 4108 chroni-

373 4149 482 4208 queurs
494 4131 616 4212 franqsis
627 4133 756 4196 donnent
766 4135 794 4194 la
803 4133 1020 4200 denomination
1027 4137 1065 4212 de
1073 4137 1215 4198 baletnier
1222 4159 1260 4200 su
1269 4138 1371 4199 navim
1380 4157 1438 4217 que

374 4221 495 4280 montait
508 4223 536 4282 le
548 4221 653 4282 Batard
669 4221 704 4282 de
716 4219 893 4305 Rubemprd.
