3402 5186
385 482 423 540 dl
653 481 909 540 mstotttttttttt
928 477 1105 540 tuttovtct
1125 483 1169 540 xl

382 611 502 682 vicum
518 611 722 710 praelatum,
741 636 826 684 oum
845 610 1011 684 nondum
1034 636 1174 686 menses
1193 635 1252 685 sex
1270 637 1292 686 a
1315 637 1379 686 sua
1401 613 1440 684 in

384 749 534 820 regnum
551 726 800 800 sublimatione
817 727 1049 800 transiissent.
1084 811 1086 816 ¹

720 1071 976 1142 carnutum
1003 1075 1095 1165 rvr.

384 1277 424 1328 De
440 1273 537 1328 foedere
552 1274 628 1346 quod
642 1276 805 1330 Francorum
818 1294 865 1330 rex
882 1274 943 1330 iniit
956 1293 1019 1328 cum
1037 1275 1154 1342 Joauno,
1167 1293 1228 1346 rege
1239 1277 1402 1346 Aragonum,
1417 1285 1443 1328 ct

419 1352 581 1486 gbmepffiplpss
588 1353 684 1425 regine
702 1355 811 1408 obsessa
830 1353 904 1426 apud
918 1353 1073 1408 Gerundam
1088 1373 1137 1428 per
1157 1354 1300 1408 adventum
1317 1354 1445 1408 exercitus

436 1610 572 1684 Eodem
590 1627 708 1686 autem
726 1628 907 1712 tempore,
933 1618 1110 1702 loannes,
1130 1637 1190 1684 rer
1207 1616 1410 1710 aragonum
1419 1618 1441 1702 ¹,

387 1730 493 1800 irater
514 1727 647 1799 attonsi
670 1729 756 1825 (qui
781 1727 913 1800 scilicet
933 1727 1096 1800 Alson'sus
1118 1727 1153 1799 in
1171 1727 1312 1820 Sicilia,
1340 1728 1444 1826 pulso

385 1843 471 1916 inde
494 1857 529 1913 et
549 1843 663 1938 ejecto
684 1846 843 1933 Renato,
870 1841 976 1915 simul
998 1857 1034 1914 et
1055 1843 1093 1915 iu
1118 1843 1293 1939 dragonia
1318 1866 1444 1940 regna-

388 1959 515 2054 verat),
532 1957 902 2049 auxiliaabudovico,
915 1963 1132 2032 Francorum
1151 1983 1245 2058 rege,
1264 1957 1447 2056 requisivit

387 2074 556 2148 adversus
573 2075 762 2148 Catalanos
778 2075 840 2172 qui
853 2090 978 2148 contra
994 2101 1032 2149 se
1048 2075 1306 2150 rebellaverant
1314 2079 1335 2145 ¹.

436 2191 614 2288 Indignati
632 2193 729 2265 enim
747 2192 925 2284 Catalani,
945 2207 979 2266 et
992 2195 1185 2292 praesertim
1205 2192 1446 2266 Barcinonen-

388 2332 469 2399 ses,
498 2308 597 2406 quod
623 2309 720 2382 idem
745 2315 923 2404 loannes,
952 2335 1012 2383 rex
1036 2336 1142 2403 suus,
1169 2309 1376 2398 Carolum’,
1404 2334 1446 2384 et

387 2425 507 2524 priore
532 2425 682 2523 conjuge
703 2450 784 2518 sua,
817 2427 961 2526 optimae
987 2424 1117 2498 indolis
1139 2424 1275 2514 filium,
1303 2423 1446 2497 iraudu-

388 2543 515 2636 lenter,
547 2544 796 2620 novercalibus
818 2543 1104 2644 suggestionibus
1131 2541 1294 2630 delusus,
1321 2555 1447 2613 contra

287 2655 291 2664 “
388 2659 601 2758 promissam
619 2684 641 2731 a
657 2685 694 2732 se
715 2659 824 2733 fidem
849 2661 1070 2734 exstinxisset
1090 2658 1170 2753 (cui
1187 2657 1315 2730 Carolo
1338 2655 1446 2728 iidem

389 2775 668 2848 barcinonenses
691 2775 801 2848 fidem
822 2801 889 2874 pro
914 2800 979 2849 sua
1001 2775 1047 2847 de
1070 2789 1168 2872 patre
1190 2775 1379 2846 securitate
1394 2785 1446 2842 at·

389 2912 460 2985 que
488 2889 701 2987 impunitate
728 2888 1014 2981 obstrinxerant,
1042 2888 1147 2961 simul
1172 2913 1256 2960 cum
1281 2900 1356 2959 tota
1380 2890 1447 2959 Ca·

389 3003 561 3100 telonia),
593 3004 686 3100 regis
717 3003 901 3103 perfidiam
929 3019 1036 3104 atque
1062 3004 1205 3077 crudele
1230 3019 1266 3076 ct
1291 3005 1447 3076 immane

389 3119 623 3218 parricidium
648 3119 829 3210 detestati,
857 3135 981 3194 contra
1004 3147 1088 3194 eum
1104 3120 1320 3194 unanimiter
1337 3116 1449 3190 rebel·

389 3235 519 3306 larunt.
540 3235 610 3322 Qui
631 3259 715 3307 cum
728 3237 891 3309 aerarium
903 3236 1007 3310 valde
1023 3239 1234 3337 opulentum
1249 3234 1446 3324 haberent,

390 3350 586 3424 multorum
615 3351 839 3424 successione
867 3376 1046 3426 annorum
1082 3353 1129 3424 de
1157 3366 1231 3426 tota
1264 3351 1449 3451 provincia

390 3463 580 3538 collectum
602 3483 638 3542 et
660 3485 905 3566 aggregatum,
925 3469 1025 3568 quod
1051 3471 1087 3541 in
1112 3468 1308 3542 Barcinona
1326 3491 1448 3540 serva-

390 3582 515 3674 batur,
543 3599 615 3656 tam
636 3600 801 3683 potentes
817 3601 939 3678 erant,
965 3586 1065 3685 quod
1082 3586 1128 3658 ad
1144 3611 1206 3658 eos
1225 3584 1450 3658 edomandos

391 3712 498 3796 atque
526 3699 791 3796 distringendos
809 3703 902 3774 vires
930 3717 1016 3774 tunc
1039 3716 1074 3773 et
1097 3701 1258 3799 potentia
1280 3700 1333 3771 sui
1357 3699 1449 3796 regis

389 3813 496 3911 longe
509 3814 695 3889 inferiores
709 3817 933 3890 exsistebant.
951 3816 1195 3906 Quamobrem
1210 3841 1307 3908 oum,
1326 3817 1362 3888 in
1380 3840 1448 3888 no·

431 4051 459 4107 l.
479 4051 555 4106 Juen
568 4051 607 4122 11,
624 4047 668 4106 roi
683 4047 841 4130 d'rlragon.

431 4139 460 4196 2.
485 4136 667 4197 debellarunt
679 4135 750 4196 daus
762 4138 791 4196 le
804 4159 859 4202 ms.

432 4231 460 4284 3.
483 4231 549 4286 Dan
561 4226 678 4301 carlus,
695 4226 794 4307 prince
811 4227 847 4289 de
864 4229 963 4291 Visne.
