3282 5168
357 501 415 558 318
603 501 882 564 'mstomattutt
906 507 1084 566 Luuovtu
1104 506 1148 565 XI

355 628 525 707 afinibus
537 634 611 706 auis
626 634 736 734 paulo
759 635 946 711 distantius
965 639 1093 712 missus
1108 653 1179 726 est,
1197 640 1245 714 ad
1261 655 1419 713 castrum

355 747 685 824 scilicetCorteraci
700 753 737 824 in
750 757 776 824 F
776 752 950 850 landria¹,
969 754 1050 850 ubi,
1067 754 1137 828 sub
1154 756 1324 831 carcerali
1339 781 1421 830 cus·

356 863 454 938 todia
461 921 471 959 ,
492 891 606 964 usque
628 866 676 940 ad
697 866 837 940 obitum
860 869 1023 966 ejusdem
1051 870 1155 944 ducis
1184 872 1417 972 burgundie,

356 979 523 1056 detentus
537 982 809 1081 custoditusque
824 983 901 1058 luit.

704 1288 959 1360 clP1TtJLtJM
985 1290 1062 1362 Vll.

416 1493 563 1565 Quomodo
574 1491 631 1550 dux
643 1491 803 1568 Bmgundin
814 1492 941 1550 ducatum
953 1491 1071 1551 Geldrin
1080 1493 1157 1549 facile
1168 1494 1359 1566 conquirunt

404 1683 561 1755 Moriens
582 1694 704 1754 autem
731 1687 808 1779 ejus
833 1677 987 1776 genitor,
1010 1678 1086 1775 Jam
1111 1676 1175 1750 diu
1203 1692 1287 1752 ante
1314 1705 1422 1754 suum

355 1797 495 1872 obitum
519 1819 585 1896 per
609 1794 739 1868 ducem
763 1791 975 1888 Burgundiae
1000 1791 1140 1866 solutus
1164 1817 1187 1865 e
1208 1815 1369 1885 carcere,
1387 1808 1423 1868 et

354 1939 426 1988 suae
442 1916 550 2015 plene
570 1911 754 1985 restitutus
777 1907 953 1999 libertati,
978 1907 1170 2000 ferebatur,
1190 1907 1267 1996 lilio
1282 1934 1348 1982 suo
1372 1909 1422 1983 ob

354 2033 572 2131 impietatem
588 2027 635 2103 ab
648 2028 744 2101 eoin
762 2051 799 2099 se
815 2027 1045 2100 commissam
1056 2026 1295 2120 exhaeredato,
1312 2042 1419 2102 testa·

354 2165 476 2222 mento
490 2146 704 2244 Burgundiae
722 2145 854 2218 ducem
871 2145 1064 2218 instituisse
1076 2159 1112 2218 et
1123 2145 1304 2244 scripsisse
1314 2144 1424 2219 haere·

354 2263 477 2356 dem⁸,
496 2277 533 2337 et
558 2261 632 2335 hoc
651 2262 742 2360 juris
766 2261 871 2333 titulo
897 2260 1084 2333 sulfultum
1116 2274 1223 2360 atque
1255 2260 1423 2334 innixum

353 2379 651 2478 Burgundionum
667 2379 818 2470 ducem,
838 2377 907 2450 sibi
920 2377 1131 2474 hujusmodi
1148 2378 1322 2451 ducatum
1336 2377 1422 2451 Gel-

353 2495 438 2569 driae
454 2497 639 2595 acquirere
651 2494 831 2568 voluisse:
852 2491 953 2592 quod
970 2493 1120 2592 quidem
1135 2492 1273 2594 absque
1288 2519 1421 2592 magno

352 2635 415 2686 seu
427 2610 563 2686 difficili
578 2613 723 2710 negotio
739 2608 919 2714 conlisere
936 2609 1068 2709 potuit.¹

399 2731 527 2802 Conati
542 2743 627 2805 sunt
647 2726 773 2800 incolae
795 2727 939 2826 patriae,
959 2751 1038 2825 quae
1058 2726 1203 2827 oppidis
1216 2728 1299 2801 satis
1317 2726 1424 2800 uobi-

351 2841 444 2914 libus
457 2859 492 2916 et
509 2843 656 2916 munitis
672 2841 800 2915 referta
816 2855 886 2935 est,
899 2841 936 2912 iu
951 2840 1112 2914 favorem
1129 2839 1211 2931 filii,
1228 2841 1266 2914 in
1279 2865 1423 2916 carcere

351 2960 366 3054 (
374 2959 425 3030 uti
441 2955 618 3056 diximus)
634 2957 785 3047 servati,
802 2953 992 3030 conatibus
1005 2955 1107 3028 ducis
1120 2955 1420 3054 burgundionum

350 3073 536 3167 obsistere,
554 3075 617 3174 qui
631 3073 698 3146 sibi
714 3086 861 3171 perante
876 3071 1015 3146 favores
1029 3087 1155 3146 contra
1172 3095 1278 3146 suum
1292 3097 1422 3172 paren·

350 3205 442 3283 tem,
468 3215 597 3265 eorum
621 3188 753 3262 ducem
779 3211 823 3260 ao
848 3187 1068 3288 principem,
1099 3188 1348 3289 praestiterant.
1376 3191 1422 3264 Et

350 3309 464 3382 multa
476 3307 624 3407 quidem
644 3304 691 3378 de
715 3304 789 3378 suis
805 3302 961 3398 viribus,
980 3319 1014 3378 et
1035 3329 1119 3379 cum
1136 3303 1213 3378 aliis
1230 3303 1421 3380 Novioma-

349 3447 474 3524 gentes
496 3423 703 3524 potissime,
724 3421 763 3496 in
787 3434 936 3496 ventum
957 3421 1188 3521 jactitabant,
1217 3421 1332 3497 nihilo
1357 3437 1421 3498 aut

348 3629 578 3692 l’inoarodretion
594 3629 634 3689 du
649 3627 738 3704 jeune
752 3628 809 3688 duc
822 3627 859 3688 de
875 3628 1029 3689 Gueldres.
1048 3629 1135 3690 Selon
1152 3649 1194 3690 un
1214 3629 1356 3690 memoire
1378 3629 1422 3690 du

348 3733 411 3784 aar·
424 3720 528 3798 siecle,
545 3745 560 3776 ι
581 3720 602 3780 il
624 3721 667 3780 lut
679 3721 797 3780 rotteint
810 3738 844 3779 en
859 3719 951 3780 lossez
969 3719 1095 3801 d’ieeluy
1110 3721 1171 3782 lieu
1183 3721 1221 3783 de
1235 3720 1382 3784 Vilvorde.
1401 3746 1418 3777 ι

348 3813 469 3893 Lenglet
481 3811 661 3890 Dulresnoy,
675 3812 841 3884 commines,
855 3821 878 3871 t.
895 3813 949 3882 111,
964 3829 995 3890 p.
1015 3813 1085 3871 tot.

385 3905 418 4052 l.
439 3903 725 4071 (lbllqllllbridrprimd
737 3985 809 4046 dnns
817 3985 1027 4062 l’Amplr'rsr'ma
1037 3989 1175 4063 collectio,
1186 4000 1208 4050 t.
1221 3991 1272 4066 tv,
1284 3988 1417 4052 coblssd.

387 4083 417 4141 8.
440 4085 481 4141 Ie
494 4090 640 4160 uanaport
660 4096 691 4137 se
705 4077 737 4136 fit
752 4075 875 4148 d’abord
894 4080 910 4136 l
927 4077 993 4136 titre
1009 4077 1047 4138 de
1067 4091 1155 4140 rente
1171 4083 1206 4154 (7
1224 4079 1288 4142 de‘e.
1305 4083 1417 4162 tlte),

347 4169 413 4253 puis
422 4171 450 4232 le
462 4170 520 4232 duc
532 4165 666 4232 Arnould
679 4185 717 4226 en
727 4177 864 4227 mourant
873 4166 985 4243 ajoute,
995 4185 1033 4228 en
1046 4165 1149 4230 lavaur
1158 4167 1200 4228 du
1210 4167 1269 4230 due
1278 4166 1316 4230 de
1327 4172 1420 4230 Bour-

347 4277 456 4343 segne,
472 4261 514 4321 lea
527 4259 618 4320 droita
631 4257 669 4318 de
685 4253 825 4338 leg-uiro
837 4259 855 4316 l
869 4275 944 4318 ceux
956 4256 1160 4337 d’ncqudreur.
