3282 5168
838 303 858 340 U

509 504 532 551 s·
848 526 864 543 ».
1052 481 1071 575 ᾗ
1271 485 1276 502 ’

604 565 717 626 tmen
747 556 932 642 Quantus.
1243 569 1299 630 ata

237 701 326 776 biles
342 715 379 774 et
393 699 544 773 militum
560 698 670 773 duces
684 698 817 800 captivi
830 713 1060 793 tenerentur,
1077 723 1204 774 eorum
1216 727 1302 775 suo·

238 842 392 916 rumque
412 817 613 889 interventu
642 816 841 889 amicorum
868 831 902 888 et
931 815 1236 911 necessariorum,
1261 833 1302 891 ut

238 959 364 1008 eorum
395 933 482 1005 hinc
511 946 548 1006 et
580 931 666 1006 inde
697 934 884 1033 captivitas
922 933 1140 1024 solveretur,
1174 934 1223 1007 ita
1255 933 1302 1008 de

237 1049 492 1150 componenda
508 1073 596 1148 pace
617 1063 806 1123 tractatum
826 1049 912 1139 tuit,
928 1063 967 1120 ut
982 1047 1093 1147 paulo
1109 1063 1191 1147 post
1208 1049 1302 1123 inter

239 1164 366 1239 ambos
388 1189 489 1262 reges
509 1163 760 1237 conciliaretur
785 1178 820 1236 et
843 1163 1108 1236 reformaretur.
1134 1164 1302 1238 Promisit

239 1284 336 1355 euim
360 1285 565 1378 Aragouum
583 1305 646 1353 rex
670 1305 841 1378 magnum
860 1281 937 1353 auri
958 1278 1109 1378 pondo,
1131 1278 1232 1379 quod
1254 1281 1301 1355 ad

239 1397 394 1471 ducenta
415 1398 472 1470 rel
497 1396 544 1470 ad
566 1411 725 1471 trecenta
746 1397 856 1470 millia
876 1397 1099 1470 florenorum
1119 1399 1302 1497 Aragoniae

238 1512 432 1587 ascendere
455 1513 593 1604 fertur,
626 1513 700 1610 regi
724 1517 945 1585 Francorum
977 1513 1176 1608 exsolvere,
1202 1515 1303 1612 juxta

238 1631 398 1729 priorem
425 1628 514 1701 oiim
543 1629 636 1700 inter
659 1627 756 1726 ipsos
780 1626 906 1699 initam
930 1627 1299 1724 confoederationem,

238 1759 275 1817 et
289 1769 429 1817 summa
445 1767 487 1816 ea
505 1743 708 1842 persoluta,
727 1766 826 1815 arces
849 1743 1044 1816 nonnullas
1063 1744 1167 1842 (quas
1183 1744 1303 1820 adhuc

238 1860 337 1934 idem
357 1867 578 1933 Francorum
605 1884 667 1931 rex
692 1873 789 1933 tenet
810 1861 847 1932 in
871 1861 973 1932 terris
1000 1859 1069 1934 illis
1089 1860 1303 1959 Cataloniae)

238 2002 322 2050 cum
339 1976 399 2049 ilia
415 2000 497 2049 arce
514 1975 717 2074 Perpiniani
739 1976 903 2074 promisit
918 1975 1047 2048 liberas
1072 1991 1108 2050 et
1124 1977 1196 2048 suis
1212 2002 1302 2076 pree·

239 2092 337 2165 sidiis
365 2106 529 2166 vacuatas
552 2089 704 2164 reddere
724 2104 833 2190 atque
851 2091 1034 2166 restituere
1044 2096 1067 2183 ¹,
1093 2091 1181 2164 nihil
1202 2107 1302 2192 post·

239 2211 308 2285 hac
323 2211 362 2283 iu
377 2208 607 2284 comitatibus
628 2208 837 2282 Rossilionis
853 2223 888 2281 et
910 2209 1096 2282 Ceritaniae
1108 2209 1197 2307 juris
1213 2234 1303 2310 prae-

224 2343 406 2400 ·tensurus
419 2339 483 2400 aut
494 2325 697 2398 habiturus.

288 2447 446 2514 Fuerunt
467 2456 587 2514 autem
609 2440 726 2514 eidem
744 2442 818 2538 regi
834 2444 1061 2537 Aragonum,
1081 2453 1164 2514 aute
1183 2441 1306 2539 hujus·

196 2543 199 2550 ¹
239 2557 341 2631 modi
352 2558 450 2657 pacis
460 2556 773 2647 reformationem,
792 2567 858 2654 per
874 2581 971 2630 mare
984 2557 1158 2630 nonnulla
1175 2558 1306 2631 auxilia

114 2737 128 2746 .
240 2671 394 2746 militum
409 2687 446 2745 et
460 2683 614 2744 annonae
633 2671 716 2744 satis
733 2684 939 2770 opportune
961 2675 1166 2758 transmissa
1182 2696 1203 2744 a
1222 2697 1305 2771 rege

241 2792 365 2864 Siciliae
387 2788 594 2882 Fernando‚
616 2787 732 2860 fratris
752 2788 808 2858 sui
830 2786 1003 2886 Alphonsi
1021 2787 1113 2880 fitio;
1133 2813 1154 2862 a
1176 2787 1306 2886 quibus

240 2907 277 2978 in
304 2903 513 2978 sustinenda
537 2917 573 2976 et
591 2900 799 3002 repellenda
815 2900 1006 2975 obsidione
1023 2927 1097 2975 uon
1114 2926 1225 3003 parva
1246 2929 1305 2977 so·

241 3021 325 3095 latia
337 3018 554 3093 adiuvenit¹.

282 3252 310 3309 t.
333 3251 377 3307 En
390 3245 539 3307 attendant
553 3245 580 3305 le
594 3255 750 3325 payement
767 3242 803 3303 de
817 3244 846 3303 le
863 3263 993 3320 somme,
1008 3245 1036 3303 le
1049 3231 1214 3305 Roussilson
1229 3255 1258 3303 et
1278 3243 1307 3303 la

241 3337 392 3418 Cerdagne
406 3335 540 3396 deraient
554 3346 647 3394 rester
660 3355 718 3394 aux
730 3335 823 3394 mains
839 3332 876 3393 de
889 3334 978 3394 Leuis
991 3337 1046 3407 XI,
1061 3352 1129 3393 sous
1141 3332 1171 3392 le
1183 3352 1309 3414 gouver-
1393 3389 1396 3394 .

204 3427 207 3434 ’
241 3440 358 3488 nemcnt
369 3425 440 3486 d'un
450 3424 568 3487 Catalan
581 3423 673 3483 choisi
687 3443 741 3503 par
754 3423 796 3482 lui
810 3436 892 3483 entre
904 3423 956 3482 dix
971 3441 1129 3502 personues
1143 3423 1309 3504 presentem

240 3537 295 3597 par
307 3518 335 3577 le
349 3517 393 3576 roi
410 3515 567 3596 d’Aragon.
584 3517 625 3573 Le
639 3513 726 3573 choix
740 3514 780 3573 du
796 3515 841 3573 roi
855 3513 892 3574 de
905 3517 1016 3574 Frauce
1030 3513 1130 3573 tomba
1146 3531 1197 3573 sur
1209 3513 1309 3574 Pierre

242 3607 279 3668 de
296 3606 461 3668 Rocaberti.
479 3605 613 3665 Relation
628 3602 726 3664 dunt.
743 3608 854 3666 Passot.

281 3699 311 3758 2;
341 3701 398 3757 Par
417 3694 616 3776 represailles,
638 3694 667 3754 le
689 3691 867 3753 vice-amiral
889 3691 926 3751 de
943 3695 1053 3754 France
1074 3691 1166 3753 Colon
1188 3703 1309 3771 captiua

241 3786 320 3850 deux
342 3785 466 3866 grandes
480 3784 593 3866 pateres
615 3783 807 3864 napolitaines
829 3795 880 3842 sur
896 3783 938 3843 les
954 3785 1033 3844 cdtes
1052 3785 1089 3844 de
1107 3783 1207 3844 Galice
1226 3794 1255 3842 et
1268 3781 1310 3842 les

242 3894 375 3936 emmena
391 3894 427 3935 en
441 3871 630 3934 Normandie.
645 3876 687 3931 Le
705 3871 750 3931 roi
768 3871 904 3932 Femand
917 3871 1021 3932 s’arisa
1038 3871 1075 3932 de
1095 3872 1138 3932 les
1152 3870 1308 3931 redemen-

242 3965 296 4026 der
312 3966 379 4046 plus
393 3965 430 4025 de
445 3965 549 4044 quinze
562 3963 637 4023 mois
652 3963 737 4042 apres
750 3962 779 4022 la
792 3975 929 4042 capture,
946 3962 1076 4022 derivant
1088 3965 1105 4021 t
1119 3981 1152 4020 ce
1168 3960 1242 4035 sujet
1253 3979 1310 4020 une

241 4056 326 4116 lettre
337 4058 376 4115 οὺ
390 4055 411 4114 il
428 4053 550 4134 &puisait
563 4066 629 4113 tous
646 4052 689 4112 les
703 4063 808 4112 termes
824 4051 861 4110 de
879 4050 1086 4111 l'etonnemeut
1100 4069 1151 4109 sur
1166 4069 1200 4109 ce
1218 4052 1310 4126 qu'uu

243 4146 335 4226 pareil
348 4157 469 4206 attentat
482 4145 560 4204 avait
574 4143 619 4203 ete
631 4141 752 4202 commis
766 4160 870 4201 envers
884 4160 925 4200 un
936 4139 1092 4201 souverain
1106 4137 1183 4198 aussi
1195 4137 1311 4198 deroue

243 4253 301 4314 que
325 4233 367 4294 lui
389 4254 447 4294 aux
468 4233 586 4293 interets
605 4230 642 4292 de
659 4231 689 4290 la
701 4232 822 4304 Frauce.
843 4229 932 4292 Leuis
952 4233 996 4290 xl
1013 4229 1055 4289 lui
1075 4225 1210 4310 re'pondit
1229 4225 1267 4287 de
1282 4227 1312 4289 la

244 4328 339 4386 meme
354 4342 453 4395 encre,
469 4321 564 4382 disant
576 4320 646 4400 qu'it
660 4340 698 4381 ne
711 4320 803 4384 sarrit
818 4331 963 4381 comment
976 4309 1124 4400 exprimet
1138 4337 1170 4378 sa
1183 4314 1311 4398 surprise
