3402 5186
660 519 770 579 mutu
788 518 936 575 PRIMUS.
1290 521 1327 575 lb

271 645 410 745 cipibus
423 659 458 717 et
472 645 654 718 nobilibus
666 646 701 718 in
724 643 800 744 ipsa
819 649 1012 718 Remorum
1026 645 1166 716 civitate
1183 669 1329 718 manen·

271 763 385 852 tibus,
413 785 534 834 versus
553 764 767 834 Parisiorum
789 761 916 833 urbem
944 775 978 832 et
1000 762 1330 858 Sanctum-Diony-

270 881 362 952 sium
385 880 452 988 iter
476 881 624 980 accepit.
652 884 720 952 lter
746 903 829 950 vero
853 879 984 951 iaciens
1009 903 1074 977 per
1097 880 1327 951 Suessionum

269 997 469 1084 civitatem,
494 1011 529 1068 et
549 1020 653 1092 agros
676 994 835 1091 ejusdem
859 1019 901 1065 ex
923 993 1103 1065 veteribus
1121 1019 1328 1089 guerrarum

270 1112 529 1184 calamitatibus
546 1111 649 1184 valde
671 1110 853 1207 squalidos
879 1111 1064 1182 inveniens
1086 1132 1127 1181 ac
1150 1110 1325 1202 desertos,

270 1227 316 1298 ad
332 1227 460 1298 vallem
478 1232 643 1300 Maternae
657 1227 813 1298 lluminis
828 1225 1117 1322 Meldensemque
1133 1225 1325 1316 civitatem,
1423 1305 1425 1308 ,

270 1341 354 1414 inde
369 1367 454 1413 vero
469 1342 516 1414 ad
532 1342 931 1437 Sanctum-Dionysium
948 1343 1013 1412 iter
1028 1341 1173 1414 inflexit.
1194 1345 1275 1428 Quo
1291 1343 1327 1414 in

269 1455 350 1528 loco
377 1459 564 1547 exsistens,
595 1458 704 1554 patris
732 1457 787 1526 sui
816 1454 1065 1552 sepulchrum,
1099 1454 1199 1526 nullo
1228 1481 1328 1555 paene

269 1574 431 1671 impenso
449 1573 605 1660 honore,
626 1572 798 1672 inspexit;
827 1569 890 1642 sed
913 1583 948 1641 et
967 1594 1042 1641 non
1066 1595 1194 1669 parum
1218 1574 1328 1670 ipsius

270 1687 509 1760 venerabilem
532 1688 743 1760 memoriam
762 1710 829 1757 nec
847 1684 1076 1756 mediocriter
1099 1700 1212 1758 totam
1229 1689 1327 1784 regni
1406 1777 1408 1782 ,

269 1825 312 1875 ac
326 1803 522 1874 Delfrnatus
537 1801 729 1873 Ecclesiam
745 1800 943 1882 infamavit.

318 1923 401 1990 Erat
416 1919 452 1990 in
471 1920 546 2015 ejus
560 1921 733 1990 comitatu
750 1917 896 2016 quidam
915 1915 1041 2010 ltalue,
1063 1917 1252 2017 episcopus
1269 1923 1327 1990 ln·'
1373 1905 1379 1980 s

268 2036 501 2108 teramnensis
509 2039 530 2120 ¹,
555 2035 607 2106 Pii
622 2037 743 2134 papae¹
760 2048 911 2106 assertus
927 2033 1062 2130 legatus
1079 2059 1141 2107 seu
1159 2037 1324 2126 nuntius,

269 2153 332 2249 qui
343 2151 451 2250 paulo
465 2164 547 2222 ante
564 2153 600 2222 in
615 2175 726 2247 regno
745 2149 875 2247 Angliae
891 2149 1014 2224 turbas
1029 2151 1247 2249 populorum
1263 2153 1327 2223 ad-

270 2293 389 2340 versus
405 2269 598 2340 Henricum
613 2292 751 2364 regem,
776 2268 813 2339 in
837 2266 994 2338 savorem
1017 2269 1172 2365 partium
1190 2267 1328 2344 Ebora·

268 2385 381 2456 censis
406 2384 524 2475 ducis,
548 2383 856 2454 vehementissime
874 2384 1054 2454 excitarat.
1081 2388 1113 2453 ls
1130 2408 1213 2456 cum
1230 2385 1327 2482 apnd

269 2515 543 2571 monumentum
569 2498 696 2596 optimi
716 2497 857 2587 Caroli,
886 2521 1001 2595 nuper
1026 2495 1184 2569 defuncti
1209 2501 1324 2597 regis,
1345 2510 1356 2543 ⁸
1425 2578 1436 2607 Ι

267 2614 437 2707 adstaret,
457 2615 682 2711 suggestione
708 2611 967 2708 quorumdam,
990 2613 1052 2708 qui
1079 2614 1141 2683 Pio
1166 2613 1326 2711 pontifici

267 2729 411 2826 regique
428 2731 546 2827 potius
560 2752 656 2799 novo
672 2727 826 2799 blandiri
840 2727 1105 2825 cuperent,.ipsi
1118 2729 1247 2800 Carolo
1264 2731 1326 2802 de·

268 2843 389 2916 iuncto
403 2845 589 2940 cujusdam
601 2841 838 2916 absolutionis
851 2843 1002 2914 sormam
1017 2843 1223 2940 impendere
1238 2871 1327 2944 prae·

267 2961 435 3059 sumpsit,
455 2963 555 3057 quasi
572 2985 721 3033 censura
737 2961 865 3056 ligatus
882 2960 1263 3034 excommunicationis
1279 2965 1326 3036 ab

267 3075 338 3148 boc
348 3076 477 3149 saeculo
492 3077 720 3165 transivisset,
736 3076 877 3172 obeam
888 3075 1053 3174 videlicet
1067 3101 1209 3150 causam
1226 3081 1326 3176 quod

267 3193 408 3263 decreta
430 3207 635 3264 sanctorum
662 3195 828 3283 Patrum,
854 3193 904 3262 eis
920 3191 1064 3288 adjutor
1080 3192 1326 3294 benignusque
1380 3206 1385 3219 ‘

269 3307 386 3380 fautor
404 3308 584 3401 exsistens,
603 3308 735 3379 servari
750 3308 787 3377 in
807 3332 916 3405 regno
934 3332 1001 3382 suo
1018 3309 1063 3380 de
1081 3311 1249 3400 consilio,
1270 3337 1325 3389 as-

266 3451 374 3500 sensu
390 3453 432 3500 ac
449 3425 633 3498 voluntate
654 3425 798 3521 majoris
828 3451 870 3498 ac
896 3426 1047 3497 sanioris
1073 3429 1182 3526 partis
1205 3433 1327 3528 praela·

268 3555 386 3614 torum
410 3557 444 3614 et
469 3541 553 3613 cleri
573 3539 682 3613 totius
708 3539 887 3636 gallicanae
914 3540 1095 3632 Ecclesiae,
1122 3544 1325 3644 principum

307 3825 335 3884 l,
360 3825 531 3896 Nanm'epsr's
545 3817 616 3877 dans
638 3817 665 3876 le
679 3835 751 3888 ms,
767 3813 839 3872 mais
852 3832 906 3892 par
919 3831 1030 3872 erreur.
1049 3814 1072 3874 ll
1086 3816 1169 3896 s’agit
1182 3817 1218 3878 de
1233 3822 1325 3879 Fran-

265 3927 348 3968 cesco
362 3909 479 3987 Copini,
499 3911 610 3986 tvtqne
629 3905 665 3965 de
678 3904 775 3978 Terni,
792 3903 861 3981 qui,
876 3923 988 3962 comme
1002 3904 1029 3964 le
1043 3905 1085 3962 dit
1100 3907 1233 3980 l’auteur,
1249 3912 1327 3972 avait

265 3997 355 4058 abnse'·
374 3998 410 4056 de
430 4018 475 4056 ses
489 3997 627 4076 pouvoirs
645 3995 681 4052 de
700 3994 777 4072 legat
795 4013 869 4070 pour
883 3994 1023 4054 favoriser
1040 3995 1066 4054 la
1082 3997 1186 4054 laction
1202 3998 1323 4074 d’York,

266 4109 302 4148 en
314 4087 491 4167 Angleterre.
508 4091 586 4144 Cette
600 4084 735 4143 conduite
753 4083 779 4140 le
794 4086 824 4139 lit
835 4081 984 4160 ddposerlr
999 4104 1051 4141 son
1066 4099 1165 4145 retnnr
1178 4106 1214 4146 eu
1229 4089 1320 4151 Italic.

267 4175 419 4256 naynatdt
430 4179 556 4232 Annales
569 4179 681 4245 eccles„
697 4183 718 4228 t.
731 4173 796 4242 VII,
813 4189 844 4248 p.
862 4173 912 4244 68,
929 4174 997 4248 m,
1015 4174 1082 4232 12³.

307 4269 336 4328 2.
360 4269 401 4324 Le
415 4283 489 4342 pape
504 4262 555 4321 Pie
568 4265 607 4320 11.
