3282 5168
331 523 388 579 sse
599 493 856 580 ntsromx'nun
876 522 1053 582 xunovmr
1072 524 1116 580 x1

333 657 459 742 mum¹‚
482 654 628 726 demum
649 655 755 727 etiam
775 679 818 725 ex
833 655 1072 727 conventione
1087 679 1171 727 cum
1190 655 1297 729 fratre
1322 655 1387 728 ba·

331 768 417 859 bita,
429 771 496 842 sibi
506 769 629 843 deberi
641 793 812 868 suamque
824 771 899 842 lore
915 769 1070 844 dicebat.
1088 773 1193 869 Atqui
1210 771 1388 870 prolecto,

334 891 407 958 n'on
416 886 551 959 adeam
562 888 675 960 solam
684 886 977 985 recuperandam,
989 886 1107 959 sedad
1117 886 1243 959 altiora
1253 887 1391 960 ambire

333 1029 353 1076 a
371 1005 533 1103 plurimis
557 1003 763 1102 putabatur.
792 1005 874 1075 Sese
891 1027 1055 1101 quoque,
1080 1019 1120 1076 ut
1138 1003 1183 1080 de
1198 1006 1351 1103 acceptis
1369 1028 1390 1076 a

334 1142 416 1216 rege
434 1121 570 1216 injuriis
586 1118 707 1190 ulcisci
722 1132 853 1216 posset,
869 1118 1131 1215 vigilantissime
1150 1118 1388 1218 praeparabat;

335 1260 402 1307 nec
420 1234 571 1308 dubium
586 1233 787 1306 habebatur
804 1235 912 1331 quin,
933 1234 961 1306 si
975 1249 1154 1332 superstes
1170 1235 1208 1306 in
1226 1233 1392 1306 humanis

336 1353 537 1445 mansisset,
555 1352 659 1423 tantis
673 1351 793 1424 suisset
809 1350 944 1423 auxiliis
960 1351 1114 1448 adjutus,
1134 1353 1233 1451 quod
1248 1352 1391 1425 fratrem

336 1491 441 1538 suum
463 1466 509 1539 ad
540 1465 779 1538 exhibendam
801 1465 869 1538 sibi
896 1469 1073 1539 rationem
1095 1467 1149 1539 vel
1174 1468 1343 1558 invitum,
1363 1469 1393 1538 si

252 1637 260 1646 .
338 1581 408 1653 ulla
423 1582 481 1653 via
497 1583 691 1680 potuisset,
710 1580 926 1652 adduxisset.

386 1695 454 1769 Sed
486 1722 571 1769 cum
601 1697 676 1793 ejus
700 1695 885 1768 molimina
913 1709 949 1768 et
971 1711 1137 1789 conatus,
1165 1697 1297 1794 quibus
1317 1698 1393 1794 jam

340 1813 458 1912 plures
486 1838 506 1885 e
528 1811 722 1910 majoribus
748 1813 785 1882 in
811 1811 1025 1909 obsequium
1047 1838 1154 1884 suum
1180 1813 1391 1911 pellexerat,

339 1930 487 2002 minime
518 1952 638 2024 regem
666 1927 828 2020 laterent,
863 1918 1269 2027 periculosissimamque
1288 1930 1394 2002 statui

338 2069 405 2116 suo
443 2042 652 2139 intelligeret
685 2045 774 2115 strui
806 2042 1169 2136 conloederationem,
1201 2047 1296 2144 ipse,
1331 2047 1395 2144 qui

341 2160 449 2230 nimia
466 2182 608 2258 semper
622 2157 782 2254 flagravit
805 2159 999 2259 cupiditate
1016 2159 1249 2248 dominandi,
1279 2175 1395 2234 tanta·

340 2298 412 2372 que
435 2272 500 2372 [ut]
524 2275 560 2345 in
578 2274 686 2370 ipsius
706 2275 828 2345 animo
845 2297 987 2372 semper
1002 2273 1117 2346 laudis
1140 2290 1176 2347 et
1198 2276 1317 2370 gloriae
1336 2301 1396 2348 su·

341 2389 471 2489 perarit
503 2402 609 2486 atque
634 2388 822 2462 obduxerit
840 2403 876 2460 et
904 2388 1177 2485 quodammodo
1194 2391 1398 2464 exstinxerit

342 2505 560 2605 appetitum,
587 2529 661 2576 non
678 2529 806 2576 curans
824 2504 854 2576 si
875 2503 968 2575 veri¹
990 2519 1030 2576 et‘
1052 2506 1190 2577 virtutis
1207 2507 1263 2579 via
1281 2505 1398 2605 (quod

342 2641 467 2691 eorum
482 2621 669 2719 proprium
685 2619 805 2711 est‚·in
827 2617 956 2715 quibus
980 2618 1094 2691 laudis
1120 2634 1155 2692 et
1175 2617 1294 2717 gloriae
1308 2645 1397 2720 prae-

342 2733 434 2807 valet
451 2729 655 2835 appetitus),
675 2761 736 2808 seu
753 2734 845 2830 dolis
865 2751 901 2809 et
923 2733 1067 2808 fallaciis
1091 2737 1262 2809 niteretur
1284 2736 1398 2834 (quod

344 2851 554 2948 ignavorum
575 2867 609 2924 et
626 2877 816 2953 pravorum
833 2877 908 2926 esse
925 2853 1048 2950 solet),
1066 2853 1265 2925 dummodo
1282 2853 1399 2926 ambi-

343 2980 419 3038 tum
433 2980 540 3065 atque
556 2971 802 3068 concupitum,
815 2968 1134 3066 qualibuscumque
1145 2967 1281 3041 artibus
1292 2983 1399 3067 atque

345 3083 536 3156 sceleribus
561 3085 616 3156 vel
646 3101 908 3183 assequeretur,
936 3085 990 3158 vel
1019 3086 1187 3158 retineret
1219 3088 1400 3186 principa-

249 3273 256 3284 ,
345 3216 440 3292 tum,
460 3199 584 3272 volens
604 3200 719 3273 sratris
735 3201 789 3273 sui
809 3202 980 3274 obsistere
1003 3201 1190 3275 conatibus
1206 3203 1400 3276 eumdem-

344 3339 415 3413 que
427 3317 544 3414 impiis
560 3317 711 3388 nimium
726 3331 832 3414 atquc
848 3317 1025 3391 sceleratis
1040 3317 1176 3391 actibus
1190 3319 1398 3417 praevenire,

345 3431 391 3504 de
414 3432 671 3528 exstinguendo
697 3433 865 3507 eumdem
889 3433 1077 3506 dominum
1100 3433 1267 3506 Carolum
1292 3459 1401 3508 vene-

346 3547 620 3646 ficioeogitavit.

394 3665 563 3763 Corrupit
582 3665 678 3736 enim
699 3663 791 3736 duos
815 3663 861 3738 de
876 3665 1035 3763 ejusdem
1059 3665 1173 3738 fratris
1187 3667 1242 3738 sui
1258 3666 1400 3739 domes·

349 3783 440 3874 ticis,
458 3783 521 3881 qui
538 3805 610 3880 prae
630 3781 762 3855 eaeteris
778 3781 946 3855 omnibus
968 3783 1001 3854 ei
1019 3781 1208 3856 familiares
1223 3796 1343 3877 erant,
1366 3799 1402 3856 et

388 3993 418 4052 l.
440 3987 557 4049 sicerae
579 3986 748 4067 disposition
770 3999 813 4047 est
833 3987 936 4061 melle,
957 3987 1013 4045 elle
1028 3986 1098 4046 etait
1116 3989 1209 4047 restde
1232 3988 1345 4048 al’dtat
1364 3987 1402 4048 de

348 4079 453 4160 projet,
467 4097 516 4137 car
531 4077 559 4136 le
571 4078 686 4158 prince‚
699 4076 739 4136 du
751 4077 851 4136 vivant
863 4077 899 4137 de
912 4097 965 4137 son
981 4077 1072 4152 frere,
1086 4077 1166 4138 n’eut
1179 4079 1209 4161 ni
1222 4077 1249 4137 la
1260 4075 1401 4138 Norman-

350 4167 411 4244 dte,
427 4167 457 4226 ni
471 4183 565 4227 aucun
580 4177 662 4226 autre
676 4181 816 4246 apanage.
832 4169 906 4246 Voy.
925 4166 1076 4240 ci—dessus‚
1091 4185 1122 4247 p.
1138 4160 1210 4244 tuq
1226 4187 1257 4231 n.
1273 4173 1302 4228 l.

388 4258 418 4314 2.
442 4261 512 4325 Vere
526 4255 597 4314 dans
611 4255 638 4314 le
652 4276 706 4315 ms.
