3402 5186
384 537 421 596 ss
657 535 914 593 msroaumm
934 535 1111 594 annovicr
1129 536 1172 593 x1
1242 497 1246 504 ’

383 669 470 740 lium
483 669 651 742 oneribus
665 669 846 759 liberatos,
864 668 899 738 in
918 668 1101 765 antiquam
1117 667 1441 770 dignitatematque

383 783 583 857 libertatem
598 785 792 858 reduceret.

433 887 475 972 n'
487 901 562 976 ltaec
578 901 724 999 quidem
737 925 818 971 curn
832 897 878 970 ab
894 923 938 970 eo
954 898 1048 970 dicta
1064 898 1199 995 ubique
1214 900 1443 996 praedicaren·

385 1028 453 1102 tur,
473 1017 755 1116 quamplurimos
779 1018 815 1085 in
841 1039 941 1112 spem
969 1015 1068 1086 facile
1091 1011 1316 1087 adduxeruut
1342 1017 1441 1112 quod

384 1132 459 1232 ipsa
476 1133 646 1210 libertatis
659 1131 867 1203 instauratio
878 1129 1117 1203 etsublevatio
1128 1155 1147 1202 a
1158 1131 1307 1212 tributis,
1320 1157 1442 1228 quem·

383 1248 580 1321 admodum
598 1245 853 1346 pollicebatur,
875 1248 1046 1344 consequi
1068 1261 1175 1343 atque
1197 1245 1355 1319 exlriberi
1379 1247 1441 1320 de·

383 1363 522 1436 herent.
544 1364 639 1435 Alios
655 1387 758 1453 vero,
777 1364 839 1459 qui
861 1387 1003 1433 morum
1023 1363 1135 1460 ipsius
1156 1385 1347 1460 rerumque
1367 1388 1387 1436 a
1404 1390 1441 1436 se

385 1495 531 1579 perante
557 1495 753 1578 gestarum,
770 1494 842 1552 tam
862 1481 982 1550 insuo
998 1479 1176 1552 Dellruatu
1198 1504 1308 1577 quam
1334 1481 1438 1572 alibi,

384 1620 458 1668 non
476 1596 587 1692 ignari
603 1595 731 1682 forent,
750 1593 956 1688 hujusmodi
976 1595 1234 1692 promissorum
1250 1617 1343 1667 vana
1362 1619 1442 1694 spcs

383 1736 458 1783 non
477 1711 605 1784 delusit
624 1725 686 1782 aut
703 1709 835 1781 fefellit.
857 1711 985 1781 Docuit
1002 1724 1120 1782 autern
1139 1735 1212 1782 non
1227 1711 1331 1807 longe
1343 1725 1441 1810 post-

384 1828 453 1902 hac
480 1829 530 1900 rei
559 1829 671 1899 exitus
699 1839 834 1923 quanta
861 1850 941 1924 spes
966 1825 1174 1922 hujusmodi
1198 1828 1378 1925 promissis
1407 1843 1443 1902 ct

384 1947 730 2021 similibushabenda
739 1926 919 2035 loretsub
933 1971 1089 2045 quorum
1101 1963 1178 2020 tum
1191 1948 1340 2020 obtentu
1355 1973 1444 2022 non·

384 2062 489 2134 nullae
505 2088 548 2134 ex
564 2061 745 2134 nobilibus
760 2061 958 2136 civitatibus
969 2065 1080 2162 regni,
1097 2066 1221 2164 utipsa
1233 2067 1440 2152 Remorum,

385 2203 463 2275 quae
478 2177 561 2249 talia
577 2177 739 2277 polliceri
755 2177 951 2267 audiverat,
969 2193 1006 2250 et
1027 2179 1299 2282 Audegarorum
1313 2178 1440 2268 urbes,

384 2316 521 2391 maguae
532 2293 739 2365 calamitatis
750 2291 940 2366 discrimen
950 2296 1190 2393 elpericulum
1202 2299 1440 2384 incurrerunt,

341 2488 358 2518 ·
384 2423 424 2482 ut
442 2410 550 2510 paulo
564 2427 645 2511 post
662 2433 728 2484 suo
746 2408 828 2482 loco
845 2409 1050 2484 reseremus.

741 2713 997 2786 CAPITULUlll
1023 2713 1081 2780 tv.

384 2887 529 2964 Quomodo
544 2908 575 2943 ex
587 2891 676 2943 nemis
687 2888 759 2942 venit
771 2887 803 2940 ad
820 2883 1116 2960 Sanctum-Dionysium
1130 2904 1215 2958 prope
1228 2885 1351 2951 Parisios,
1367 2886 1414 2940 uhi
1428 2907 1443 2942 s

420 2967 536 3042 quodam
555 2970 622 3022 Italo
643 2981 853 3040 praesumptuoso
869 2968 937 3041 patri
956 2965 1081 3020 defuncto
1102 2966 1258 3020 beneficium
1273 2967 1445 3022 absolutionis

420 3049 570 3122 impensam
584 3061 621 3102 est
635 3050 655 3102 ¹.
1129 3050 1143 3064 '¹

435 3204 543 3298 lgitur
570 3227 676 3293 cum,
709 3216 901 3300 postquam
928 3225 1030 3276 sacro
1058 3202 1238 3278 delibutus
1271 3204 1376 3296 oleo,
1408 3205 1444 3276 in

386 3319 483 3414 dicto
501 3317 719 3391 monasterio
737 3318 847 3390 sancti
865 3318 1077 3392 Theodorici
1098 3320 1191 3393 duos
1207 3337 1270 3394 aut
1286 3335 1356 3394 tres
1369 3320 1445 3394 dies

386 3433 618 3535 perstitisset,
648 3434 741 3506 duce
762 3434 1055 3531 Burgundionum
1085 3461 1167 3507 cum
1194 3459 1259 3507 suo
1282 3434 1445 3532 magnifi-

387 3548 590 3622 centissimo
617 3549 827 3640 comitatu¹,
859 3550 1000 3646 inquo
1031 3549 1103 3621 dux
1132 3550 1332 3623 Clevensis⁸
1362 3572 1444 3622 cum

387 3663 567 3762 Adolplro,
587 3663 691 3737 fratre
704 3691 784 3756 suo,
801 3690 954 3764 praesens
968 3666 1104 3758 adei-at,
1128 3667 1334 3762 caterisque
1348 3666 1445 3764 prin·

430 3903 459 3964 1.
482 3901 616 3980 Chapitre
629 3902 763 3982 imprimo
779 3902 873 3982 parmi
884 3903 926 3962 les
937 3907 1064 3963 Preuves
1078 3921 1136 3962 aux
1150 3901 1280 3962 libertis
1293 3901 1447 3981 gallicanos

360 3989 366 4000 '
388 3991 423 4052 de
441 3989 474 4052 P.
491 3995 537 4050 Du
552 3997 621 4070 Puy.

430 4085 459 4140 2.
483 4085 591 4143 Coram
606 4079 678 4140 daus
691 4079 719 4139 le
733 4099 785 4139 ms.

431 4176 462 4234 3.·
482 4178 564 4250 Jean,
580 4171 637 4231 duc
652 4170 690 4232 de
704 4171 822 4246 Glires,
839 4190 933 4232 neven
951 4170 990 4230 du
1006 4171 1062 4232 duc
1075 4171 1111 4232 de
1126 4177 1299 4253 Bourgogne
1316 4185 1345 4234 ct
1358 4171 1448 4232 mariis

391 4265 468 4324 sossi
480 4264 552 4324 dans
563 4263 591 4324 la
602 4261 713 4323 maison
725 4260 762 4321 de
772 4263 983 4342 Bourgogne,l
998 4263 1026 4324 la
1037 4263 1094 4324 lille
1108 4262 1144 4323 de
1155 4268 1228 4323 Jeaa
1239 4263 1275 4322 de
1286 4267 1405 4322 Navers.
