3402 5186
393 551 432 607 2⁰
664 548 920 608 fflsronlnltun
940 551 1119 609 Luuovlcr
1138 551 1182 607 XI

393 679 555 778 pessimis
570 703 612 752 ac
623 678 851 776 iniquissimis
862 679 1023 752 moribus
1036 681 1131 768 viro,
1143 703 1251 775 quem
1267 701 1340 776 prae
1356 689 1454 753 caete-

392 793 441 863 ris
457 792 637 892 potissime
648 791 767 865 bonus
778 818 841 865 rex
857 793 1046 866 defunctus
1063 817 1211 865 exosum
1230 817 1372 891 semper
1387 795 1454 868 ha-

392 905 537 999 buerat,
553 908 642 982 duas
659 907 705 981 de
722 909 916 1005 majoribus
933 924 968 981 et
988 911 1101 1005 magis
1124 910 1332 1005 quaestuosis
1351 906 1452 1006 regni

392 1022 759 1097 administrationibus
791 1051 852 1098 seu
882 1023 1009 1097 officiis
1037 1023 1258 1096 contulerit:
1289 1025 1454 1098 videlicet

392 1137 549 1212 officium
566 1139 727 1212 Amiralis
742 1164 783 1212 ac
799 1139 959 1213 officium
972 1140 1090 1236 Magni
1107 1139 1263 1235 Magistri
1288 1141 1361 1212 sive
1378 1144 1452 1213 Re-

391 1254 592 1328 formatoris
608 1256 787 1354 sylvarum
805 1271 841 1328 et
858 1257 1048 1330 fluminum
1063 1260 1072 1293 ¹
1086 1284 1094 1346 ;
1115 1256 1243 1327 amotis
1259 1256 1344 1330 inde
1358 1257 1452 1330 duo·

390 1368 459 1443 bus
471 1371 697 1444 nobilissimis
711 1371 880 1462 dominis,
894 1373 941 1445 de
952 1373 1084 1471 prim0,
1098 1371 1248 1442 domino
1259 1370 1306 1444 du
1313 1372 1419 1444 Bueil
1426 1376 1450 1466 ¹,

392 1487 544 1559 militum
567 1490 809 1561 strenuissimo
826 1488 930 1574 duce,
952 1487 1050 1559 etde
1067 1486 1242 1578 secundo,
1260 1488 1391 1559 comite
1407 1487 1452 1559 de

389 1601 607 1676 'tancarvilla
618 1604 644 1691 ⁸,
658 1604 820 1703 principe
836 1627 878 1674 ac
893 1603 971 1673 viro
990 1601 1142 1700 optimo,
1156 1601 1218 1699 qui
1229 1602 1354 1674 eadem
1371 1601 1451 1674 offi-

388 1717 443 1789 cia
457 1717 521 1816 diu
533 1717 600 1789 sub
616 1733 716 1816 patre
735 1717 905 1790 defuncto
923 1730 1132 1806 tenuerant,
1156 1715 1296 1814 sibique
1324 1731 1360 1789 et
1386 1718 1452 1790 toti

388 1858 499 1932 regno
517 1836 606 1931 grati
619 1834 817 1908 admodum
831 1834 1052 1906 exstiterant.
1224 1833 1226 1835 ’

437 1952 525 2021 Cum
542 1964 661 2022 autem
677 1948 744 2020 sub
759 1947 968 2044 hujusmodi
981 1951 1110 2044 Magno
1127 1949 1294 2044 Magistro
1305 1948 1375 2019 sint
1386 1974 1451 2047 per

388 2078 505 2135 totum
518 2086 668 2159 regnum
679 2061 859 2153 officiales,
874 2062 935 2159 qui
948 2062 1121 2134 forestarii
1134 2061 1372 2161 appellantur,
1389 2086 1452 2162 per

388 2178 541 2276 singulas
555 2178 682 2276 sylvas,
694 2176 875 2252 interdum
885 2179 992 2251 etiam
1008 2180 1045 2249 in
1058 2179 1184 2251 cadem
1196 2178 1307 2276 sylva,
1320 2180 1349 2250 si
1360 2178 1451 2250 mul·

388 2308 463 2366 tum
480 2310 624 2368 extensa
641 2308 707 2383 est,
726 2294 798 2368 duo
811 2308 873 2366 aut
887 2294 1006 2393 plures
1018 2293 1086 2365 sub
1100 2293 1246 2390 singulis
1261 2293 1452 2366 forestariis

300 2434 307 2448 ·
387 2411 596 2501 servientes,
615 2435 683 2510 pro
707 2411 886 2508 sylvarum
910 2425 944 2482 et
969 2411 1125 2483 saltuum
1150 2410 1322 2483 custodiis
1345 2425 1380 2483 et
1404 2411 1450 2483 ad

386 2528 530 2599 easdem
546 2528 745 2601 lustrandas
766 2527 926 2628 deputati
949 2528 1017 2625 (ne
1043 2528 1131 2625 quid
1153 2527 1245 2600 forte
1268 2527 1392 2600 damni
1413 2529 1448 2600 in

381 2642 471 2738 juris
485 2645 572 2743 regii
587 2643 832 2743 praejudicium
844 2645 1033 2740 jacturaeve
1048 2642 1277 2734 admittatur,
1297 2643 1371 2717 sive
1386 2669 1449 2715 ar-

373 2756 492 2858 'bores
500 2759 621 2832 furtim
629 2759 814 2850 caedendo,
824 2760 896 2831 sive
909 2759 999 2831 feras
1007 2759 1175 2831 venando
1185 2783 1249 2832 seu
1256 2758 1447 2858 capiendo,

384 2873 439 2944 vel
451 2874 564 2970 alias),
575 2877 716 2973 sintque
730 2873 855 2946 talium
869 2872 1076 2946 officialium
1087 2898 1151 2974 per
1163 2889 1282 2947 totum
1296 2898 1448 2972 regnum

384 3013 485 3088 paene
499 2991 698 3080 innumeri,
719 3013 810 3087 quos
829 3013 956 3061 omnes
979 2991 1076 3087 regia
1097 2991 1260 3087 majestas
1286 2991 1393 3088 gratis
1415 3007 1450 3063 et

383 3105 520 3205 absque
537 3107 718 3180 exactione
737 3129 873 3205 ponere
889 3121 925 3178 et
940 3106 1123 3178 instituere
1141 3109 1337 3193 consuevit,
1360 3131 1448 3178 con-

384 3223 485 3294 cessit
516 3247 577 3294 rex
609 3237 645 3295 et
675 3221 878 3294 facultatem
907 3220 1007 3294 dedit
1038 3221 1186 3321 praefato
1217 3215 1376 3296 domino
1403 3224 1449 3294 de

385 3337 657 3430 Monte-Albani,
678 3337 726 3410 de
741 3337 909 3410 omnibus
926 3337 1053 3410 officiis
1061 3337 1313 3435 hujuscemodi
1329 3338 1449 3438 dispo·

384 3452 506 3545 nendi,
526 3469 562 3526 et
577 3454 702 3528 eadem
719 3453 850 3553 quibus
873 3454 979 3526 vellet
1001 3467 1036 3526 et
1052 3455 1219 3562 quotiens
1236 3455 1341 3527 vellet
1358 3480 1448 3527 ven·

424 3686 456 3745 1.
479 3709 494 3739 κ
510 3685 625 3745 L'office
651 3685 687 3745 de
710 3681 931 3766 grand-maine
954 3706 993 3745 ou
1020 3677 1213 3748 reformateur
1237 3687 1287 3746 des
1318 3705 1392 3747 eaux
1420 3699 1448 3747 et

388 3774 486 3835 forets.
506 3799 520 3825 n

425 3865 454 3922 2.
476 3866 548 3922 Jean
564 3863 601 3923 de
616 3864 709 3939 Beuil‚
723 3876 817 3923 comte
831 3863 868 3922 de
886 3865 1036 3936 Sancerre,
1052 3863 1156 3924 amiral
1174 3885 1240 3925 sous
1253 3865 1371 3926 Charles
1382 3869 1445 3930 VII.

426 3954 455 4012 ³.
480 3953 644 4013 Guillaume
665 3953 702 4014 de
724 3957 884 4030 llarcourt,
903 3954 1039 4036 seigneur
1057 3954 1095 4014 de
1115 3956 1306 4016 Tancarville.
1327 3959 1352 4015 11
1368 3968 1449 4034 requt

385 4059 443 4100 une
456 4055 534 4101 sorte
550 4042 587 4102 de
605 4043 876 4122 dedommagement
890 4063 942 4122 par
959 4043 987 4103 la
1000 4044 1168 4103 concession
1183 4065 1242 4122 que
1256 4045 1284 4105 le
1301 4047 1346 4104 roi
1359 4045 1401 4105 lui
1417 4045 1449 4102 tit

383 4147 422 4187 au
441 4132 513 4190 mois
533 4130 571 4191 de
589 4131 748 4192 novembre
764 4135 837 4197 1161
856 4130 909 4191 des
921 4131 1014 4192 droits
1033 4133 1069 4193 de
1083 4132 1172 4192 haute
1191 4134 1315 4210 justice,
1337 4135 1406 4193 tiers
1420 4145 1449 4193 et

383 4217 493 4300 danger
519 4220 590 4280 dans
612 4222 639 4280 le
659 4223 752 4280 comte
768 4221 804 4281 de
821 4220 1012 4282 Tancarville.
1040 4225 1239 4283 Ordonnancer
1261 4227 1310 4281 des
1334 4231 1390 4281 rota
1411 4227 1448 4282 de

385 4309 505 4382 Franco,
522 4321 542 4366 t.
561 4313 620 4386 XV,
635 4329 666 4388 p.
682 4311 751 4370 atr.
1214 4321 1217 4326 “
