3272 5182
696 286 737 356 ts,

274 433 276 443 ¹
349 415 408 472 200
624 411 883 473 mammeam
902 411 1083 470 Lunovlcl
1101 412 1145 469 x1

349 561 386 622 et
401 543 605 620 concordiae
620 545 774 620 invicem
792 546 918 644 juratae
933 547 1065 646 pignus
1081 548 1230 648 cupiens
1247 545 1421 621 exhibere

350 673 459 758 atque
492 672 673 731 ostentare
708 657 995 758 permaximum,
1023 657 1070 731 ad
1103 658 1421 732 exterminandum

351 775 447 875 ipsos
466 776 616 848 miseros
635 775 851 852 Leodicnoes
872 775 1078 848 societatem
1100 763 1221 850 ¹facere
1241 773 1356 847 voluit
1376 799 1421 848 ac

351 891 521 964 decrevit.
540 895 585 964 Et
601 891 648 964 de
662 889 735 964 hoc
750 890 899 990 quidem
916 892 1065 966 minime
1080 917 1102 965 a
1119 890 1422 990 Burgundionum

346 999 545 1106 ¹rogabatur
577 1006 689 1095 duce,
714 1008 778 1106 qui
801 1007 908 1078 etiam
931 1022 1056 1108 optare
1088 1009 1208 1107 potius
1232 1005 1421 1080 dicebatur

351 1142 404 1218 ut,
430 1123 586 1225 propriis
609 1123 755 1196 servatis
778 1121 929 1218 finibus,
952 1124 998 1196 de
1019 1149 1061 1198 ea
1080 1149 1120 1196 re
1144 1147 1220 1198 non
1244 1147 1320 1197 sese
1338 1123 1420 1195 sati·

352 1255 488 1341 gasset,
525 1253 728 1339 suspectam
761 1263 904 1339 semper
942 1243 1018 1337 ejus
1053 1239 1164 1332 fidem
1197 1238 1420 1337 infidamque

351 1380 592 1455 cognoscens;
612 1355 675 1428 sed
689 1380 766 1428 non
780 1381 825 1430 eo
840 1357 970 1447 minus,
991 1372 1031 1428 ut
1045 1382 1195 1430 omnem
1212 1357 1258 1430 de
1275 1382 1313 1429 se
1326 1356 1422 1428 diffi-

352 1474 513 1580 dentiam
537 1471 736 1545 tollendam
758 1473 1062 1572 rejiciendamque
1087 1474 1325 1575 approbaret,
1352 1474 1422 1545 im-

352 1603 508 1690 portuno
523 1587 677 1659 nimium
694 1587 741 1660 ad
759 1613 839 1660 eam
855 1613 932 1661 rem
949 1613 987 1662 se
1002 1591 1181 1686 ingessit¹.

400 1707 550 1804 Trajecit
572 1707 693 1804 itaque
714 1704 1012 1803 Burgundionum
1037 1707 1111 1779 dux
1130 1705 1277 1779 illustris
1299 1705 1423 1807 copias

353 1821 400 1896 ad
425 1821 523 1895 illam
548 1819 826 1913 tumultuosam,
861 1821 1081 1920 soediiragam
1105 1837 1212 1920 atque
1241 1821 1423 1920 perjuram

353 1936 569 2045 Eburonum
585 1936 712 2008 urbem
730 1937 918 2029 Leodium,
938 1963 959 2010 a
975 1963 1057 2036 rege
1073 1943 1293 2010 Francorum
1310 1939 1423 2010 comi-

353 2067 449 2132 tatus
469 2069 505 2126 et
522 2055 693 2143 sociatus,
713 2080 799 2128 cum
815 2079 928 2158 parva
943 2070 1066 2128 tamen
1082 2080 1192 2128 manu
1213 2084 1221 2127 z
1242 2081 1328 2129 nam
1348 2081 1424 2128 non

333 2171 451 2246 ultra
467 2187 645 2244 trecentas
661 2172 804 2246 lanceas
824 2199 948 2273 secum
969 2173 1065 2246 idem
1087 2199 1149 2246 rex
1169 2174 1317 2246 traxisse
1336 2172 1426 2246 fere·

355 2289 475 2382 batur,
492 2290 626 2362 caeteris
643 2275 844 2390 copiis'suis
856 2291 894 2362 in
911 2315 1023 2387 regno
1037 2291 1180 2364 relictis.
1198 2295 1290 2364 Cum
1304 2305 1426 2363 autem

356 2406 404 2482 ad
426 2406 549 2480 locum
570 2431 685 2505 usque
708 2406 810 2480 ducis
829 2408 1004 2480 exercitus
1026 2407 1271 2509 applicuisset,
1298 2406 1428 2479 urbem

357 2524 473 2624 ipsam
499 2523 750 2616 circumcirca,
777 2549 820 2596 ex
848 2522 960 2598 altera
981 2528 1120 2596 tamen'
1141 2538 1243 2624 parte
1268 2521 1428 2596 fluminis

242 2721 246 2731 ,
319 2725 326 2738 θ
358 2644 488 2732 Mosae,
519 2641 642 2713 castris
670 2656 705 2713 et
727 2639 847 2714 valida
876 2639 1066 2714 obsidione
1093 2641 1222 2734 cinxit;
1250 2655 1326 2713 tam
1348 2629 1435 2737 ipso'

360 2781 471 2857 quam
497 2780 579 2853 rege
604 2757 642 2827 in
667 2755 882 2829 suburbanis
906 2757 1016 2856 ipsius
1041 2756 1162 2850 urbis,
1192 2782 1268 2829 non
1290 2770 1429 2828 remote

361 2899 384 2948 a
414 2875 656 2967 seinvicem,
690 2872 849 2972 hospitio
880 2875 1045 2976 receptis.
1079 2878 1162 2946 Erat
1190 2874 1288 2948 enim
1313 2872 1429 2946 hiems

358 2991 433 3090 jam
468 2990 552 3063 satis
589 3013 743 3089 aspera,
787 2987 868 3060 finis
907 2990 1040 3062 scilicet
1077 2991 1210 3064 mensis
1244 2989 1426 3082 octobris,

311 3119 313 3126 ’
361 3133 461 3183 anno
483 3131 607 3179 nxvur.

412 3231 452 3298 ln
471 3247 544 3324 qua
560 3222 750 3297 obsidione
771 3246 853 3294 curn
867 3224 992 3323 paucis
1005 3223 1134 3297 diebus
1149 3225 1331 3326 principes
1346 3225 1428 3326 ipsi,

304 3471 307 3478 '
405 3471 433 3530 ¹.
458 3467 622 3527 Commines
640 3434 785 3548 tdmcigne
798 3484 856 3545 que
869 3465 897 3525 le
915 3465 972 3525 duc
988 3464 1026 3526 de
1041 3469 1217 3548 Bourgogne
1233 3467 1265 3525 fit
1277 3466 1432 3530 lui-meme

364 3577 403 3618 au
424 3554 470 3615 roi
489 3553 518 3615 la
534 3556 714 3637 proposition
734 3555 771 3616 de
787 3556 815 3615 le
833 3555 931 3616 suivre
946 3555 1079 3636 aLidge,
1095 3567 1125 3614 et
1137 3556 1199 3616 cela
1213 3556 1285 3616 dans
1306 3577 1346 3616 un
1366 3576 1432 3617 mo-

365 3660 446 3710 ment
455 3649 496 3707 on
507 3668 565 3707 une
578 3647 678 3727 parole
693 3649 709 3706 a
723 3666 757 3706 ce
769 3646 845 3721 sujet
858 3647 927 3706 etait
939 3665 980 3706 un
993 3646 1257 3706 commendement.
1271 3649 1338 3707 Une
1351 3660 1433 3707 autre

364 3737 503 3813 relation,
513 3737 630 3819 publice
644 3757 697 3817 par
709 3736 832 3818 leuglet
844 3738 1011 3816 Dufresnoy
1020 3735 1092 3796 dans
1103 3755 1156 3796 son
1170 3735 1279 3796 edition
1293 3735 1331 3796 de
1346 3739 1433 3798 Com·

365 3830 469 3905 mines,
485 3827 582 3887 donne
594 3826 756 3888 l'initiative
768 3847 806 3888 au
817 3828 880 3902 roi,
897 3829 968 3888 mais
982 3847 1018 3886 en
1033 3825 1163 3902 ajoutant
1176 3847 1233 3907 que
1247 3847 1280 3887 ce
1294 3827 1339 3887 sut
1351 3826 1388 3886 de
1402 3845 1434 3886 sa

366 3932 432 4000 part
450 3938 490 3978 un
511 3930 698 3978 mouvement
717 3917 918 3994 inconsidere,
940 3917 1011 3977 dont
1027 3918 1048 3976 il
1069 3937 1100 3978 se
1121 3917 1245 3998 repentit
1265 3917 1387 3978 aussitot
1405 3928 1435 3976 et

367 4029 418 4070 sur
431 4009 528 4088 lequel
545 4008 573 4067 le
593 4006 650 4067 duc
667 4027 705 4068 ne
723 4007 766 4068 lui
784 4008 891 4088 permit
908 4027 961 4089 pas
973 4006 1010 4068 de
1024 4005 1151 4067 revenit.
1169 4011 1210 4068 La
1223 4021 1267 4068 est
1279 4004 1436 4088 probable·

368 4111 448 4158 ment
461 4099 489 4160 ia
501 4098 605 4159 verite.
1031 4121 1038 4132 ·

345 4201 349 4208 ·
408 4191 438 4251 2.
459 4188 728 4270 Conigeatantum.
