3384 5184
624 544 735 600 LIBER
754 544 958 601 SECUNDUS.
1263 545 1317 601 tat

262 699 384 747 comes
397 673 442 745 de
457 672 660 763 Cltaroloir,
678 686 734 764 ut,
750 672 893 748 obviam
907 675 958 746 eis
969 673 1181 763 adveniens,
1197 691 1322 750 contra

262 812 382 885 regem
400 789 519 886 ipsum
542 813 651 885 quem
671 788 838 862 advolare
860 790 1054 877 sentiebat,
1075 815 1263 862 succursus
1286 807 1323 863 et

262 905 507 978 subventionis
528 903 698 1003 praeberet
717 904 858 994 solatia,
876 907 1081 977 transmisso
1101 906 1249 978 flumine
1263 909 1322 978 Se·

263 1045 407 1119 quanae,
426 1022 637 1118 campestria
665 1020 724 1094 illa
746 1021 869 1094 Belciae
890 1023 1072 1120 petierat¹,
1092 1044 1115 1093 a
1132 1022 1233 1093 terris
1249 1025 1322 1094 suis

262 1135 417 1207 multum
443 1159 481 1206 se
506 1135 676 1233 elongans
699 1151 734 1208 et
760 1161 874 1235 usque
898 1135 944 1208 ad
968 1138 1100 1209 viscera
1131 1139 1232 1234 regni
1258 1162 1322 1210 au-

261 1250 384 1324 dacter
401 1264 606 1349 penetrans.
624 1256 753 1324 Parum
769 1253 838 1325 sibi
860 1251 1010 1325 fideliter
1025 1266 1060 1324 et
1078 1252 1231 1325 honeste
1253 1254 1322 1352 ipsi

262 1371 442 1461 Britones,
458 1385 554 1441 retro
571 1369 758 1460 abeundo,
778 1371 893 1443 vicem
910 1369 1156 1442 reddiderunt.

309 1493 520 1586 Speraverat
540 1504 576 1560 et
591 1505 853 1587 exspectaverat
871 1489 1004 1562 babere
1022 1514 1144 1562 comes
1164 1491 1210 1563 de
1230 1493 1318 1563 Clur-

261 1605 370 1678 rolov's
386 1606 470 1679 satis
483 1606 690 1704 tempestive
702 1631 807 1677 suum
826 1605 1070 1678 marescallum
1091 1608 1319 1705 Burgundiae,

261 1747 345 1794 eum
371 1720 640 1820 quadringentis
669 1720 802 1794 lanceis
829 1722 1123 1818 Burgundionum
1151 1748 1318 1814 suorum;

260 1843 365 1915 simul
377 1843 484 1915 etiam
496 1856 536 1914 nt
550 1867 673 1913 secum
690 1865 902 1914 concurrere
915 1842 1087 1915 deberent
1097 1844 1213 1914 caeteri
1227 1843 1323 1940 prin·

261 1961 358 2058 cipes
384 1955 636 2051 consoederati,
664 1983 747 2029 cum
771 1959 843 2030 suis
869 1959 999 2056 copiis,
1025 1957 1188 2030 videlicet
1212 1957 1322 2031 duces

261 2074 451 2164 Borbonii,
469 2075 639 2148 Calabriae
661 2089 697 2146 et
714 2076 978 2164 Nemorcensis,
997 2075 1104 2176 atque
1120 2097 1241 2147 comes
1257 2080 1323 2146 Ar·

261 2192 442 2284 miniaci¹3
462 2192 525 2264 sed
540 2192 629 2264 dum
646 2191 846 2292 periculum
864 2206 1004 2288 urgeret
1018 2217 1241 2289 praesensque
1258 2191 1320 2262 ad·

262 2307 363 2399 foret,
376 2309 541 2381 nondum
558 2310 685 2406 aliquis
699 2332 825 2380 eorum
843 2308 1064 2397 adventarat,
1076 2308 1159 2380 licet
1173 2307 1322 2380 condio-

262 2437 318 2496 tus
337 2424 413 2496 dies
430 2425 636 2522 praeteriisse
662 2424 857 2511 diceretur,
880 2448 953 2520 quo
982 2423 1019 2494 in
1049 2449 1163 2494 vrnvrm
1187 2448 1320 2496 conve·

261 2539 354 2612 nisse
372 2555 479 2636 atque
495 2540 637 2612 collecti
652 2565 727 2612 esse
743 2538 963 2610 debuissent.

308 2660 500 2729 Transacto
532 2656 638 2753 igitur
671 2654 767 2726 dieto
803 2655 1026 2725 tumultuoso
1054 2668 1090 2724 et
1125 2654 1321 2753 plurimum

259 2773 412 2846 conluso
434 2773 629 2845 certamine
653 2771 750 2870 apud
774 2771 1096 2861 Montem-llericii,
1121 2796 1205 2844 eum
1221 2773 1258 2843 in
1276 2797 1320 2844 eo

260 2951 348 3011 taient
360 2953 440 3031 point
456 2955 473 3010 a
486 2963 589 3029 quatre
604 2951 694 3010 lienes
709 2952 746 3009 de
762 2951 926 3029 Montlhiry
940 2952 968 3010 le
985 2955 1023 3010 16
1032 2951 1138 3027 juillet,
1157 2951 1278 3032 puisque
1293 2953 1321 3012 le

261 3045 299 3100 15
318 3042 415 3117 juillet
435 3061 476 3100 un
498 3039 609 3099 ollicier
634 3041 720 3100 dela
747 3041 858 3100 maison
883 3041 918 3099 de
944 3044 1117 3122 Bous-gogus
1140 3041 1259 3100 derivait
1284 3043 1321 3101 de

259 3131 378 3192 l’armc'ee
396 3131 436 3190 du
452 3145 545 3191 comte
565 3131 601 3190 de
620 3131 768 3191 Charolais
788 3136 877 3211 qu'on
898 3131 976 3190 avait
995 3132 1023 3189 la
1043 3130 1180 3190 nouvelle
1201 3150 1258 3209 que
1279 3133 1320 3190 les

259 3225 379 3281 Bretons
404 3221 510 3281 etaient
535 3223 552 3279 t
575 3221 774 3282 deteaudun.
798 3227 973 3280 Documents
999 3221 1122 3296 inedits,
1155 3225 1318 3300 Melanges,

260 3323 281 3371 t.
300 3316 340 3386 11,
378 3316 471 3372 aso.

300 3407 329 3464 1.
349 3334 417 3463 deta
429 3414 473 3461 est
486 3402 543 3460 mal
558 3401 607 3462 dit
624 3405 666 3460 Le
681 3413 775 3459 comte
789 3400 826 3459 de
841 3400 989 3460 Charolais
1005 3401 1124 3460 s'arrdta
1136 3402 1153 3458 a
1167 3387 1319 3478 Etampes,

259 3511 313 3570 par
325 3492 502 3569 consc'quent
515 3495 627 3550 n’entra
641 3491 722 3570 point
734 3511 770 3549 en
787 3495 909 3549 beauce.

300 3585 330 3640 2.
357 3609 369 3634 a
388 3585 443 3640 Les
460 3581 531 3640 dues
552 3581 588 3640 de
608 3580 761 3654 Bourbon,
780 3581 816 3639 de
835 3581 956 3640 Calabre
975 3593 1004 3639 et
1022 3581 1058 3640 de
1075 3582 1231 3646 Nemours‚
1248 3577 1321 3638 ainsi

257 3693 315 3752 que
328 3674 356 3733 le
368 3687 462 3732 comte
477 3673 681 3754 d’nrmagnac.
697 3701 709 3725 »
724 3676 764 3730 Le
779 3671 836 3730 duc
847 3671 883 3731 de
896 3670 1033 3731 Bourbon
1048 3684 1076 3733 et
1090 3671 1132 3731 les
1145 3675 1321 3750 Armagnacs

257 3762 394 3821 venaient
410 3763 446 3821 de
460 3762 560 3822 traiter
573 3782 645 3821 avec
658 3763 686 3820 le
700 3762 744 3820 roi
757 3765 774 3819 a
785 3761 887 3834 Riom,
904 3772 933 3818 et
949 3759 985 3819 de
1003 3766 1153 3840 s’engager
1167 3762 1183 3818 1
1199 3759 1322 3838 deposer

258 3848 300 3908 les
314 3867 418 3907 armes.
433 3849 472 3908 Ils
485 3849 628 3907 violirent
641 3849 706 3909 leur
718 3862 846 3909 serment
864 3864 893 3909 et
909 3849 1024 3908 vinrent
1040 3870 1071 3908 se
1082 3848 1197 3923 joindre
1211 3867 1281 3906 avec
1293 3848 1320 3908 le

258 3948 353 3996 comte
369 3935 406 3995 de
420 3936 567 3996 Charolais
581 3939 678 4015 quand
697 3939 732 3997 ils
751 3940 900 4017 apprirent
920 3957 952 3996 sa
967 3939 1089 3998 victoire
1107 3942 1123 3997 l
1143 3936 1316 4014 Montlhiry.

257 4032 354 4104 Quant
368 4046 407 4086 au
419 4027 475 4086 duc
486 4027 522 4087 de
534 4028 667 4102 calabre,
682 4029 807 4087 l'auteur
819 4028 847 4086 le
858 4047 974 4085 nomme
986 4029 1002 4085 t
1016 4039 1075 4085 tort
1087 4045 1158 4085 avec
1168 4025 1210 4083 les
1218 4025 1320 4083 conle-

257 4115 342 4175 deres
355 4116 396 4175 du
411 4115 492 4176 midi.
514 4117 537 4176 ll
555 4117 771 4197 accompagnait
787 4117 815 4176 le
828 4118 972 4177 marechal
987 4116 1023 4175 de
1039 4121 1227 4196 Bourgogne‚
1243 4113 1322 4172 avait

258 4207 304 4266 ete
320 4207 416 4267 &carte
432 4226 545 4266 comme
561 4207 601 4264 lui
613 4206 649 4265 de
665 4206 693 4265 la
706 4205 891 4287 champagne
906 4221 935 4266 et
948 4205 1105 4283 s’avanpait
1117 4223 1170 4284 par
1185 4202 1213 4261 ln
1226 4205 1319 4260 Βοω-

260 4315 364 4376 gogne.
376 4301 452 4356 Tous
462 4295 540 4356 deux
551 4294 738 4372 rejoignirent
748 4295 825 4354 aussi
833 4296 917 4374 apres
929 4295 957 4354 la
968 4293 1084 4354 bataille
1095 4292 1131 4352 de
1143 4289 1317 4367 Montlbery.
