3272 5182
344 457 403 516 sor
528 539 532 544 Ι
612 455 871 516 ntsronnnmr
888 457 1067 518 mooun
1087 459 1130 516 ru

675 763 933 836 ctrtrULUM
957 767 1082 852 xxtv.

483 968 523 1020 De
533 968 728 1042 expugnatione
740 981 818 1040 atque
828 933 955 1023 incendio
967 967 1079 1023 oiviutio
1089 965 1244 1022 leodiensis
1252 968 1273 1020 ¹.

396 1151 530 1222 Paratis
550 1149 656 1246 igitur
683 1174 762 1248 quae
786 1150 832 1222 ad
857 1148 1004 1222 urbium
1024 1149 1327 1248 expugnationem
1348 1147 1427 1220 ad-

347 1266 465 1365 parari
478 1291 559 1338 mos
575 1280 641 1356 est,
662 1293 728 1367 per
742 1267 900 1339 diver'sas
913 1281 1031 1366 partes
1047 1265 1135 1338 urbs
1149 1267 1226 1364 ipsa
1239 1265 1426 1339 Leodium

348 1382 452 1454 simul
466 1381 595 1454 eodem
610 1399 770 1482 ternpore
782 1397 984 1482 expugnata
997 1385 1078 1454 est'.
1096 1387 1136 1454 ln
1152 1407 1225 1480 qua
1236 1406 1427 1481 expugna-

348 1497 453 1570 tione
474 1517 550 1569 nou
582 1498 735 1571 multum
759 1499 894 1596 negotii
919 1498 1004 1592 fuit,
1030 1523 1114 1570 curn
1144 1512 1182 1570 et
1201 1497 1354 1590 vallum,
1382 1513 1426 1570 et

348 1615 482 1688 moenia
503 1619 611 1713 atque
632 1630 748 1688 turres
774 1641 854 1714 quae
873 1615 1019 1712 dejectae
1045 1629 1081 1688 et
1104 1613 1231 1686 dirutae
1256 1614 1421 1704 fuerant,

348 1730 468 1804 adhuc
495 1733 640 1804 nonnisi
662 1732 800 1803 exiliter
820 1746 855 1803 et
881 1731 964 1803 satis
990 1731 1120 1804 misere
1142 1730 1352 1820 instaurari,
1380 1731 1425 1800 in

261 1880 264 1893 ·
349 1861 422 1918 tam
438 1863 538 1919 arcto
560 1848 732 1945 temporis
749 1847 883 1946 spatio,
904 1849 1117 1946 potuissent.
1142 1846 1246 1918 Unde
1267 1862 1304 1919 et
1324 1848 1426 1920 cives

350 1963 396 2035 de
414 1965 487 2034 suis
508 1963 644 2034 viribus
661 1988 703 2035 ac
719 1963 941 2036 defendendi
958 1963 1192 2060 possibilitate
1210 1987 1340 2063 parurn
1356 1977 1426 2036 aut

349 2080 440 2153 nihil
463 2080 703 2172 confidentes,
728 2081 911 2154 modicam
931 2083 1168 2156 resistentiam
1185 2079 1423 2178 objecerunt3

350 2196 413 2268 sed
437 2221 566 2268 aurum
581 2211 686 2296 atque
704 2212 894 2295 argentum
914 2224 978 2271 seu
996 2197 1096 2296 quod
1114 2195 1217 2271 facile
1238 2198 1426 2297 exportari

350 2336 454 2412 posse
468 2312 675 2411 putabatur,
691 2316 755 2410 qui
769 2330 977 2414 potuerunt,
993 2316 1184 2413 rapientes,
1203 2335 1268 2412 per
1282 2328 1426 2385 turmas

350 2431 557 2502 transmisso
593 2431 742 2503 flumine
779 2435 885 2504 Mosae
920 2432 1136 2528 aufugerunt
1165 2445 1202 2502 et
1237 2430 1425 2504 montium

350 2561 458 2645 atque
482 2547 662 2646 sylvarum
683 2574 768 2622 cunr
791 2547 963 2622 uxoribus
985 2563 1023 2620 et
1044 2547 1164 2620 liberis
1187 2546 1336 2620 latibula
1356 2567 1425 2646 pe-

352 2663 497 2738 tierunt.
1371 2658 1374 2668 '

402 2783 453 2852 Ex
468 2780 526 2854 his
542 2797 676 2874 autem,
696 2784 760 2880 qui
776 2784 813 2854 in
830 2783 1032 2882 irruptione
1049 2781 1204 2856 militum
1218 2781 1421 2875 inurbem,

266 2975 268 2984 ,
352 2899 478 2970 armati
496 2900 632 2972 inventi
650 2914 751 2990 sunt,
773 2899 940 2972 nonnulli
960 2900 1040 2973 oaesi
1056 2915 1158 2990 sunt,
1177 2900 1255 2988 alii,
1274 2899 1425 2997 abjectis

296 3063 301 3073 -
352 3015 477 3104 armis,
496 3017 553 3089 vel
575 3017 739 3101 infleris
756 3015 943 3107 domibus,
965 3015 1022 3089 vel
1040 3016 1150 3088 antris
1167 3031 1203 3088 et
1227 3015 1425 3114 specubus⁸

353 3113 429 3204 sese
455 3130 677 3225 occulentes,
705 3147 901 3232 temperata
927 3131 1059 3205 suroris
1084 3133 1233 3228 saevitia,
1266 3148 1425 3206 mortem

353 3263 554 3321 evaserunt.
570 3253 730 3322 Fuerunt
740 3249 851 3346 aliqui
864 3249 972 3322 etiarn
988 3251 1027 3321 in
1043 3249 1178 3322 flumen
1190 3249 1421 3348 praecipitati;

354 3364 522 3437 mulieres
539 3366 647 3438 etiam
663 3365 864 3456 nonnullae,
884 3365 941 3437 vel
959 3365 1069 3438 armis
1087 3367 1259 3452 inventae,
1279 3381 1319 3437 ut
1334 3365 1425 3438 fere-

354 3480 472 3571 batur,
499 3484 695 3575 instructae,
719 3484 775 3556 vel
799 3484 928 3581 linguae
949 3484 1103 3555 nimium
1125 3483 1341 3582 procacitate
1364 3497 1424 3556 tu·

355 3614 511 3689 mentes,
530 3601 567 3671 in
581 3598 842 3700 ipso‘ingressu
861 3600 972 3673 urbis.
994 3605 1084 3690 Quae
1101 3615 1177 3674 tota
1195 3599 1367 3674 militibus
1384 3603 1423 3674 in

354 3717 595 3816 direptionem
612 3714 734 3795 relicta
751 3732 805 3791 est
822 3733 858 3790 et
875 3719 1068 3817 permissa,
1088 3718 1176 3792 locis
1201 3719 1310 3791 sacris
1326 3720 1425 3820 prin·

395 3950 424 4006 l.
448 3943 584 4022 Chapitre
604 3943 703 4024 publie
715 3945 787 4006 dans
800 3943 1009 4024 l'AmpIr'ssr'ma
1022 3949 1157 4020 collectio,
1173 3959 1194 4005 t.
1211 3949 1262 4024 lv,
1277 3946 1334 4006 col.
1351 3949 1420 4006 759.

396 4040 427 4096 2.
449 4041 490 4097 Le
505 4038 543 4095 30
556 4034 674 4096 octobre
689 4039 779 4095 1468.

399 4129 427 4185 3.
451 4129 505 4186 Les
521 4125 680 4206 laubourgs
693 4123 730 4184 de
746 4125 835 4208 Liege
850 4126 891 4186 du
906 4125 969 4186 cote
986 4124 1025 4185 du
1039 4123 1114 4185 nord
1128 4137 1194 4184 sont
1207 4143 1244 4185 au
1260 4123 1359 4185 milicu
1373 4123 1424 4184 des
1466 4145 1472 4161 ·

357 4213 487 4288 rochers,
503 4233 539 4273 en
553 4213 650 4294 pleine
663 4224 828 4293 montagne.
