3322 5172
369 553 425 608 398
636 551 892 608 mstomantttt
911 549 1086 608 mnovtcl
1106 551 1149 606 Xl

368 683 424 754 nis
435 698 547 773 esset,
567 707 689 756 comes
704 679 893 782 prodictus
908 680 953 754 de
964 681 1090 754 Birolre
1106 676 1249 756 abstulit
1269 685 1428 780 Burgun-

367 797 519 871 dionum
541 798 626 872 duci
648 811 802 872 castrum
825 796 1069 870 firmissimum
1084 798 1130 870 de
1145 798 1427 871 Validis-Monti-

366 913 456 1007 bus,
492 913 576 987 dein
606 914 723 986 Siricd
751 937 860 1011 supra
885 913 1109 1007 Mosellam²‚
1144 928 1180 987 et
1208 914 1279 987 alia
1310 929 1426 987 castra

365 1031 518 1128 plurima
535 1032 572 1103 in
596 1030 844 1124 lotharingia3
863 1053 942 1127 quae
952 1082 963 1118 ‚
984 1052 1059 1102 non
1075 1044 1151 1104 tam
1164 1031 1200 1104 vi
1217 1055 1424 1123 armorum,

365 1171 475 1245 quam
501 1146 704 1220 voluntaria
726 1143 934 1238 deditione,
963 1169 1038 1218 sese
1066 1144 1202 1218 dabant
1226 1139 1263 1218 et
1288 1171 1310 1218 a
1334 1145 1427 1218 duee

367 1262 664 1360 Burgundionum
686 1259 770 1332 satis
786 1257 950 1332 ultronea
969 1259 1196 1334 deficiebant.
1215 1266 1311 1334 Bene
1330 1262 1427 1334 enim

366 1377 489 1449 Cicero
524 1378 561 1448 in
595 1377 667 1448 suis
697 1371 831 1446 Officiis
865 1388 901 1447 et
937 1375 1121 1448 verissime
1153 1377 1314 1474 scripsit,
1343 1361 1428 1475 quia

370 1492 504 1566 «nulla
520 1505 620 1565 tanta
644 1515 720 1564 esse
742 1491 834 1562 solet
855 1489 1086 1590 impediris,
1111 1515 1213 1590 quae,
1241 1507 1428 1592 premente

367 1626 485 1703 metu,
504 1613 616 1710 possit
632 1635 706 1683 esse
721 1609 904 1683 diuturna.
924 1609 1037 1682 Malus
1057 1611 1154 1682 enim
1180 1624 1232 1682 est
1249 1577 1460 1682 diuturni-'⁸9

366 1727 447 1800 tatis
472 1741 592 1801 custos
614 1724 777 1826 [metus]‚
810 1739 1007 1821 contraque
1033 1723 1284 1798 benevolentia
1313 1723 1428 1798 fidelis

366 1841 422 1914 vel
438 1843 484 1916 ad
510 1844 785 1943 perpetuitatem
794 1843 817 1912 ¹.
835 1867 854 1908 u
873 1840 1050 1914 Amabant
1070 1843 1205 1942 quippe
1220 1841 1428 1938 Lotbaringi

365 1983 471 2030 suum
489 1958 636 2051 ducem,
656 1943 699 2032 et*
713 1982 797 2030 eum
814 1957 886 2030 suis
903 1957 1006 2028 terris
1022 1957 1074 2030 sio
1090 1956 1265 2030 violenter
1284 1957 1428 2058 pulsum

368 2089 473 2170 atque
495 2073 648 2170 ejectum
673 2071 856 2145 dolebant.
885 2077 966 2161 Qua
986 2071 1032 2146 de
1058 2097 1117 2164 re,
1140 2072 1275 2171 absque
1296 2095 1427 2170 magno

367 2188 533 2284 negotio,
558 2188 723 2287 praelatus
744 2212 865 2260 comes
883 2188 1036 2286 plurima
1053 2188 1195 2261 castella
1220 2190 1257 2260 in
1274 2186 1428 2260 deditio·

367 2329 451 2377 nem
469 2305 677 2402 recipiebat.
703 2303 756 2376 Ad
775 2304 999 2403 quodetiam
1020 2304 1280 2404 perficiendum
1300 2303 1428 2377 conle-

368 2418 488 2514 rebat,
507 2419 607 2518 quod
625 2420 722 2492 nulla
738 2421 881 2518 penitus
898 2420 1051 2524 nlilitum
1067 2421 1230 2520 praesidia
1254 2422 1292 2494 in
1314 2421 1428 2520 patria

368 2536 441 2609 dux
468 2537 765 2634 Burgundionum
788 2536 997 2635 reliquerat-3
1022 2537 1086 2610 sed
1115 2538 1251 2638 oppida
1272 2552 1307 2610 et
1328 2561 1428 2610 arces

256 2687 261 2698 ·
368 2652 436 2725 sub
460 2653 533 2726 fide
560 2666 596 2725 et
615 2653 777 2725 custodia
805 2653 863 2725 vel
885 2652 1140 2752 popularium,
1167 2657 1225 2728 vel
1249 2652 1427 2726 nobilium

368 2771 509 2869 patriae,
527 2785 700 2868 tanquam
726 2769 794 2843 sibi
819 2753 1006 2856 fidelium,¹
1023 2772 1225 2869 juratorum
1245 2796 1287 2846 ac
1303 2797 1428 2846 sacra-

368 2900 490 2958 mento
516 2885 790 2979 devinctorum,
821 2885 1018 2960 dimiserat.
1051 2893 1186 2961 Verum
1214 2913 1317 2982 cum,
1351 2913 1427 2960 non

367 3002 435 3074 nisi
459 3003 561 3075 inviti
584 3018 619 3076 et
647 3004 682 3077 vi
710 3028 753 3076 ac
782 3016 880 3076 metu
905 3003 1043 3097 adacti,
1077 3003 1287 3103 hujusmodi
1313 3029 1428 3078 sacra·

368 3132 488 3192 menta
504 3119 687 3212 fecissent,
708 3119 792 3191 satis
808 3143 936 3217 parum
953 3121 1128 3193 momenti
1143 3146 1185 3200 ac
1203 3122 1280 3222 spei
1303 3122 1340 3194 in
1357 3121 1427 3197 lra-

367 3234 427 3330 gili
450 3233 658 3333 hujusmodi
682 3235 850 3308 cautione
877 3261 954 3310 esse
983 3238 1181 3338 repositum
1209 3238 1428 3313 existimasse

366 3349 553 3423 debuerat.

330 3563 332 3572 .
414 3466 639 3537 Incursiones
672 3477 841 3564 praeterea
871 3465 1091 3566 frequentes,
1124 3471 1333 3544 transmisso
1363 3471 1427 3543 llu-

366 3581 464 3656 miue
482 3579 648 3675 Mosellae,
665 3580 763 3656 idem
781 3607 903 3657 comes
928 3597 984 3681 et,
1012 3611 1106 3685 quos
1127 3586 1224 3687 apud
1248 3587 1366 3660 Sirritd
1389 3588 1426 3660 in

406 3851 436 3909 l.
459 3843 579 3906 Molinet
592 3844 643 3903 fait
655 3863 837 3905 oommencer
848 3844 891 3905 les
904 3845 1070 3926 operations
1083 3867 1137 3927 par
1151 3847 1178 3908 la
1192 3849 1270 3930 prise
1284 3848 1320 3908 de
1333 3849 1426 3910 Dieu-

364 3937 464 3997 lewart
477 3948 506 3997 et
518 3955 577 3995 non
596 3935 633 3994 de
649 3934 761 4009 Sierclr,
776 3947 805 3993 et
817 3947 883 3995 tous
897 3936 939 3996 les
954 3936 1152 4018 temoignages
1166 3937 1323 3998 attribuent
1335 3938 1364 4000 le
1377 3959 1427 4000 re·

365 4039 553 4089 couvrement
567 4027 604 4086 de
617 4024 800 4086 vaudemont
814 4045 852 4084 au
865 4025 966 4086 batard
984 4025 1021 4086 de
1033 4028 1226 4091 Vaudemout.

404 4121 434 4176 Ξ.
457 4123 547 4178 'sonte
566 4129 639 4177 cette
657 4112 774 4174 citation
789 4127 832 4175 est
845 4113 1055 4176 horriblement
1076 4116 1223 4199 ddfigure‘e
1243 4119 1315 4180 dans
1327 4119 1356 4180 le
1370 4137 1424 4182 ms.
1505 4183 1512 4193 ‚

365 4207 427 4268 Elle
444 4229 475 4268 se
489 4220 593 4270 trouve
611 4206 675 4280 «teja
697 4225 735 4265 an
756 4204 778 4267 1.
799 4211 849 4278 IV,
866 4227 891 4267 c.
910 4227 941 4266 vr
961 4207 998 4268 de
1011 4206 1159 4270 l'flistoire
1177 4209 1215 4270 de
1235 4209 1352 4271 Charles
1372 4211 1426 4268 vn

364 4299 396 4372 (t.
415 4299 441 4369 1,
455 4315 485 4374 p.
504 4299 559 4356 t'tt
575 4309 604 4355 et
619 4297 698 4370 178).
