3322 5172
375 563 433 622 434
691 559 810 616 INDEX
834 559 1108 620 CAPITULORUM.

1359 694 1433 732 ml!

375 743 533 800 Carnutum
541 761 580 798 tv.
592 772 629 786 ·-
639 741 784 810 Quomodo
795 757 820 796 et
832 761 864 796 ex
874 743 970 813 quibua
982 741 1066 797 causis
1077 739 1208 814 oppidum
1220 739 1361 811 Perpinia

409 853 475 888 num
485 853 501 888 a
511 852 573 906 rege
585 832 749 886 Francorum
762 829 856 887 defecit
871 845 898 886 et
914 851 967 886 sese
979 844 1075 905 sponte
1087 847 1144 904 regi
1136 829 1293 940 'dragonie
1304 840 1359 884 trt-

407 921 476 976 didit
479 955 1353 978 ..................................................
1377 919 1430 972 eut

373 1067 532 1121 Cermoro
543 1086 569 1123 v.
581 1097 618 1108 -
627 1067 669 1120 De
679 1065 819 1120 obsidione
831 1063 982 1138 Perpiniani
993 1082 1042 1136 per
1052 1064 1168 1138 Francos
1181 1074 1206 1115 et
1221 1061 1303 1132 ipsius
1316 1079 1359 1114 eo

405 1155 520 1224 latione,
532 1155 656 1228 pacisque
673 1153 887 1209 reconciliatione
903 1153 972 1206 inter
984 1172 1057 1226 regen
1070 1151 1234 1206 Francorum
1248 1151 1359 1214 ebrin-

403 1245 490 1316 goniae
492 1279 1349 1302 .................................................
1375 1239 1428 1292 308

325 1354 326 1360 =
369 1387 528 1442 Comum
538 1404 577 1439 vr.
586 1413 622 1427 -
630 1386 671 1438 De
681 1383 887 1439 incarceratione
897 1398 923 1444 et
933 1383 1085 1440 detentione
1096 1383 1171 1438 ducis
1181 1381 1298 1437 Geldriee
1310 1399 1358 1453 per

403 1475 545 1547 proprium
557 1473 643 1528 filium
655 1492 747 1542 suum,
759 1475 850 1546 auique
864 1475 913 1528 filii
925 1489 1015 1548 postea
1027 1494 1076 1548 per
1087 1471 1247 1546 Burgundio
1258 1470 1359 1524 ducem

403 1561 614 1636 apprehensione
628 1577 654 1618 et
665 1564 873 1619 incarceratione
875 1599 1350 1624 ...........................
1376 1560 1428 1612 344

368 1703 528 1757 mmor(
541 1721 590 1759 vn.
602 1731 639 1746 -
651 1701 797 1770 Quomodo
809 1701 865 1756 dux
877 1702 1036 1776 Burgundio
1051 1703 1178 1758 ducatum
1189 1701 1306 1758 Geldriae
1319 1703 1360 1756 t'a·

308 1841 310 1844 .
403 1791 452 1845 cile
465 1789 624 1863 conquisivit
626 1829 1351 1848 .........................................
1377 1791 1430 1844 348

372 1936 531 1992 Currunm
542 1956 600 1992 rur.
614 1968 651 1982 ·-
661 1936 806 2006 Quomodo
822 1950 883 2010 post
900 1937 1079 2010 conquisitum
1093 1937 1209 1992 Geldriae
1222 1935 1280 1995 dua
1292 1937 1362 1990 Bur-

405 2026 512 2100 gundiae
525 2028 712 2100 imperatorem
726 2027 864 2083 Treverim
874 2025 1016 2082 adventare
1027 2027 1100 2096 lecit,
1113 2025 1252 2100 adspirant
1266 2026 1300 2084 ad
1314 2047 1360 2081 re-

403 2120 460 2190 gale
471 2119 619 2192 fastigium,
632 2134 657 2173 et
668 2119 769 2192 abipso
782 2119 816 2174 de
827 2118 925 2175 ducatu
937 2117 1052 2173 Geldriae
1062 2120 1207 2174 solemnem
1218 2119 1358 2178 investitu-

399 2229 457 2266 ram
467 2209 568 2283 accepit
571 2248 1349 2267 ............................................
1373 2209 1421 2262 32¹

365 2355 525 2410 Carnutum
539 2375 578 2412 rx.
592 2355 796 2424 -Quomodo,
809 2375 869 2410 cum
882 2369 976 2410 cuneta
988 2365 1132 2428 praeparata
1145 2355 1254 2410 luissent
1268 2353 1303 2408 ad
1317 2374 1359 2408 su·
1381 2387 1392 2417 r

401 2444 568 2499 blimandum
587 2444 681 2528 ducem
697 2445 857 2520 Burgundiae
876 2447 905 2499 in
923 2465 1025 2519 regem,
1047 2446 1135 2500 subito
1149 2445 1308 2519 imperator,
1325 2463 1356 2499 re

402 2531 513 2600 inlecta,
533 2553 589 2588 non
612 2533 743 2588 valedicto
767 2533 853 2588 eidem
873 2533 952 2602 duci,
979 2553 1011 2586 ex
1030 2533 1143 2591 Treveri
1162 2532 1298 2616 descendit
1324 2531 1358 2588 ad

399 2619 524 2676 Rhenum
529 2661 957 2679 ........................
964 2623 984 2678 ἶ
985 2659 1350 2679 .....................
1373 2621 1426 2675 324

365 2765 523 2820 Cntrnnurr
545 2785 571 2822 x.
588 2794 625 2807 -
637 2763 782 2833 Quomodo
796 2765 920 2838 posthoc
935 2765 990 2819 dux
1005 2765 1166 2840 Burgundio
1177 2767 1291 2823 visitavit
1307 2786 1357 2822 co-

402 2855 522 2909 mitatum
540 2875 618 2910 suum
637 2856 830 2926 Ferrctenaem3
848 2855 921 2910 etde
938 2875 1044 2912 aooereu
1058 2859 1253 2932 archiepiscopi
1273 2859 1358 2913 Colo-

400 2944 498 3000 nieneie
517 2945 552 3002 ad
570 2965 633 3000 eum
646 2946 675 3000 in
691 2942 861 3019 Burgrmdin,
880 2959 958 3022 atque
973 2947 1119 3002 rebellione
1136 2947 1201 3004 dicti
1219 2949 1359 3004 comitatur

402 3047 495 3088 contra
504 3053 566 3090 eum
569 3074 1353 3094 ............................................
1375 3037 1426 3092 att

364 3176 525 3232 Carnum
542 3195 580 3231 xr.
593 3208 631 3221 -
649 3177 770 3246 Qualiter
785 3175 946 3249 Burgundio
961 3176 1016 3232 dux
1030 3178 1121 3252 poenit
1140 3177 1308 3234 obsidionem
1321 3179 1356 3235 ad

281 3299 285 3306 ·
398 3266 534 3336 Narniam,
550 3267 681 3342 oppidum
691 3268 806 3330 ecclesia
819 3267 984 3322 Colonieneis
987 3307 1350 3328 .....................
1374 3273 1440 3326 332·

363 3407 524 3465 Carmmuu
539 3429 587 3466 xn.
600 3441 634 3456 -
649 3414 690 3464 De
700 3408 868 3482 providentia
879 3423 904 3464 et
916 3410 1223 3468 industriaobreseomm
1235 3426 1261 3468 et
1271 3415 1355 3468 Colo·

399 3498 546 3569 niensium,
561 3515 587 3554 et
603 3499 636 3554 de
654 3498 770 3553 adventu
786 3498 952 3572 imperatorin
971 3503 1127 3571 Coloniam,
1148 3517 1225 3576 atque
1239 3505 1356 3560 exercitu

398 3605 478 3661 quem
492 3607 525 3642 ex
536 3601 592 3642 tota
604 3607 679 3661 paene
692 3589 835 3644 Germania
848 3589 903 3645 illic
916 3593 1085 3665 congregavit
1088 3631 1350 3650 ...............
1372 3595 1425 3648 333

364 3725 526 3781 mmmm
536 3741 593 3778 rm.
605 3724 773 3791 -Qualiter
790 3743 837 3778 rex
854 3723 1019 3778 Francorum
1035 3725 1200 3797 recuperarit
1215 3726 1355 3798 Perpinia-

401 3833 484 3885 num;
499 3827 526 3870 et
542 3813 576 3868 de
593 3813 740 3868 innumeris
754 3833 829 3887 perne
837 3814 945 3886 jacturis
957 3813 1109 3886 et'damnie,
1125 3833 1183 3886 qun
1194 3815 1356 3890 burgundio

400 3905 477 3963 ducis
488 3919 563 3961 terre
577 3918 602 3960 et
614 3903 714 3960 subditi
724 3904 766 3958 eui
775 3923 791 3959 a
799 3905 906 3959 Francia
917 3904 986 3978 paesi
998 3918 1069 3974 aunt,
1080 3903 1161 3959 linitis
1172 3906 1279 3982 treugis,
1290 3907 1354 3962 dum

400 4001 491 4056 adhuc
502 4013 562 4056 ante
573 3997 695 4057 Nunnium
710 3997 739 4050 in
750 3996 890 4053 obsidione
903 4009 1020 4052 maneret
1023 4035 1350 4058 ...................
1374 4001 1422 4054 344

363 4145 523 4200 Gomon
534 4163 589 4202 xrr.
603 4139 796 4210 -Quomodo
808 4140 863 4195 dux
881 4137 1042 4214 Burgundio
1056 4154 1139 4198 casua
1155 4141 1301 4216 imperialia
1315 4143 1355 4196 in·

398 4236 479 4302 rasit3
494 4248 521 4290 et
533 4233 567 4288 de
581 4233 669 4289 reditu
681 4233 749 4305 regia
765 4235 930 4287 Francorum
940 4251 973 4286 ex
983 4233 1165 4304 liormannin,
1176 4234 1222 4305 qni
1237 4234 1354 4306 impera·

397 4337 484 4379 torem
493 4324 528 4378 ad
543 4323 757 4398 componendam
769 4339 863 4396 paoem
877 4321 989 4377 adduxit
992 4361 1349 4380 .....................
1372 4323 1425 4376 349
