3322 5172
518 621 520 626 ,
613 589 915 666 launomarus.
1082 599 1089 610 ·
1239 593 1296 648 aaa

238 725 476 798 munitionem
492 723 692 815 locaverat,
712 724 907 819 faciebant,
927 725 964 796 in
984 737 1116 798 terram
1137 738 1174 796 et
1194 747 1298 820 agros

238 838 603 938 Luxemburgensium
628 841 794 916 incendia
818 840 1020 940 frequenter
1043 843 1243 936 mittentes,
1263 856 1300 914 et

237 955 428 1028 hominum
453 969 560 1053 atque
584 956 795 1028 animalium
817 973 1098 1053 caeterorumque
1116 957 1299 1029 bonorum

239 1074 376 1172 praedas
394 1087 537 1169 agentes
562 1071 747 1170 quotidie;
768 1073 898 1170 quibus
924 1072 1158 1146 subveniebat
1182 1072 1300 1145 nullus

239 1189 301 1260 eo¹
325 1189 424 1287 quo'd
447 1190 485 1263 in
514 1202 588 1261 tota
605 1188 721 1287 patria
750 1187 851 1262 nulla
876 1187 1028 1260 militum
1053 1189 1215 1289 praesidia
1242 1187 1299 1260 vel

240 1302 405 1401 dimissa,
422 1305 478 1376 vel
495 1304 669 1377 collocata
686 1328 706 1376 a
723 1302 816 1377 duce
830 1305 1053 1377 exstitissent.

288 1417 359 1490 Sed
384 1443 592 1516 quanquam
616 1416 691 1489 baec
716 1419 839 1491 omnia
862 1420 945 1491 satis
972 1419 1100 1517 angere
1129 1419 1302 1492 deberent

240 1533 537 1630 Burgundionum
551 1532 680 1604 ducem
697 1587 706 1621 ‚
724 1532 781 1603 cui
797 1587 806 1623 ,
828 1556 913 1604 cum
931 1532 1176 1633 superioribus
1192 1531 1301 1604 cladi·

240 1645 327 1738 bus,
347 1651 456 1721 etiam
478 1649 545 1721 ista
563 1673 639 1720 non
657 1670 785 1748 parvas
799 1647 963 1744 jacturas*
979 1663 1015 1719 et
1036 1648 1167 1723 damna
1192 1649 1302 1720 aller-

240 1777 339 1858 rent,
357 1779 479 1836 tamen
505 1764 623 1837 statim
646 1762 834 1860 evestigio
861 1764 929 1838 alia
952 1762 1108 1837 deterior
1123 1763 1302 1864 praedictis

241 1877 380 1974 adjecta
395 1894 460 1953 est.

288 1999 369 2068 Dur
385 1997 508 2090 enim,
532 2019 641 2093 quem
666 1994 841 2090 diximus,
864 1994 1126 2092 lotharingiae,
1155 2017 1302 2066 eumer

241 2112 346 2185 ruina
369 2129 405 2187 et
430 2112 536 2186 rebus
560 2113 741 2204 adversis,
765 2138 856 2212 quas
871 2113 1056 2216 inuenerat
1080 2108 1304 2208 Burgundio·

241 2253 331 2301 num
360 2229 433 2302 dux
466 2245 591 2302 contra
615 2230 818 2321 Suitenses‚
843 2231 926 2302 satis
948 2230 1112 2328 pervium
1140 2227 1206 2300 iter
1236 2225 1304 2298 sibi

209 2337 212 2353 '
241 2343 375 2418 lactum
397 2345 535 2420 videret
552 2346 599 2419 ad
624 2345 913 2446 recuperandum
930 2359 1041 2418 terras
1064 2370 1145 2417 suas
1170 2343 1304 2416 Letha-

237 2462 386 2560 ringiae,
408 2462 566 2535 collectis
590 2463 721 2562 copiis,
755 2486 843 2559 quas
873 2475 950 2532 tum
980 2487 1021 2532 ex
1047 2460 1301 2556 Lotharingia,

242 2589 319 2649 tum
352 2603 374 2650 a
403 2576 550 2678 praelato
580 2577 711 2648 comite
738 2577 784 2648 de
814 2575 959 2667 Bt'sclze,
978 2589 1103 2646 tuma
1137 2575 1305 2648 Suitensi·

241 2689 310 2764 bus
345 2706 381 2764 et
411 2694 462 2765 eis
494 2691 673 2764 loederatis
703 2706 928 2789 aggregarat,
970 2692 1006 2762 in
1038 2690 1305 2787 Lotharingiam

242 2807 360 2880 rediit.
400 2813 581 2906 lugressus
611 2833 721 2899 vero,
748 2833 832 2881 cum
863 2832 942 2880 eam
975 2805 1237 2879 munitionibus
1269 2822 1306 2880 et

243 2925 414 3025 praesidiis
446 2923 746 3023 Burgundionum
782 2925 958 2996 inveniret
990 2947 1160 3015 vacuam,
1180 2922 1305 3023 paucis

244 3039 370 3114 diebus
395 3054 507 3114 totam
532 3039 643 3113 serme
661 3040 697 3110 in
721 3038 942 3133 deditionem
971 3039 1132 3138 accepit,
1156 3038 1306 3111 volenti-

243 3154 312 3229 bus
332 3158 455 3256 utique
479 3171 514 3230 et
537 3160 654 3229 Deum
672 3155 826 3255 proinde
849 3154 1078 3228 laudantibus
1102 3180 1144 3227 ac
1159 3153 1306 3229 benedi·

245 3275 407 3350 centibus
423 3275 544 3376 patriae
558 3273 712 3368 accolis,
732 3273 832 3373 quod
849 3298 886 3345 se
902 3271 1057 3346 naturali
1074 3298 1139 3344 suo
1152 3272 1306 3372 principi

130 3445 132 3450 .
245 3388 403 3464 dedendi
418 3403 526 3488 atque
542 3388 754 3463 restituendi
780 3389 982 3462 facultatem
1001 3402 1037 3460 et
1056 3389 1305 3486 opportunita-

245 3525 319 3584 tem
334 3507 468 3582 eisdem
494 3508 680 3579 attulisset.
701 3506 826 3580 Solum
848 3509 940 3580 inter
956 3522 1081 3580 caetera
1097 3509 1304 3604 Nanceyum

165 3721 169 3728 ¹
246 3627 398 3718 mansit,
416 3625 454 3696 in
471 3647 550 3720 quo
565 3621 762 3717 nonnulla,
783 3623 846 3696 sed
870 3621 998 3722 pusilla
1017 3621 1121 3715 satis,
1145 3627 1305 3720 Burgun-

247 3741 398 3816 dionum
414 3755 516 3815 erant
530 3737 704 3841 praesidia.

289 3986 318 4041 l.
342 3987 380 4040 Et
396 3981 467 4042 dans
480 3981 508 4041 le
521 4002 575 4042 ms.
