3282 5168
596 579 705 636 unna
724 577 888 636 TERTIUS.
1213 581 1270 639 279

216 733 405 807 germanus
420 709 629 780 comitatum
644 709 819 800 Pictaviae‚
840 733 923 782 curn
940 725 1032 781 terra
1049 733 1157 809 quam
1175 734 1274 782 acce·

218 840 333 924 perat,
355 847 541 922 nunquam
564 823 767 916 habuisset,
785 825 853 896 nisi
871 823 1067 922 quemdam
1084 825 1275 896 dominum
1355 873 1362 888 ·

216 941 262 1014 de
288 943 440 1026 Corton,
465 939 562 1039 apud
587 938 756 1012 eumdem
782 963 888 1012 suum
914 965 1123 1036 germanum
1149 942 1276 1038 praeci-

216 1081 343 1156 puum,
357 1079 497 1132 summa
511 1070 665 1153 quatuor
676 1072 739 1128 aut
750 1057 910 1153 quinque
924 1055 1076 1129 millium
1090 1073 1276 1130 scutorum

216 1174 465 1272 corrupisset¹.
493 1177 664 1245 Putarunt
697 1175 802 1246 etiam
830 1173 889 1246 alii
919 1173 1048 1247 factam
1068 1173 1276 1270 hujusmodi

216 1290 468 1362 discessionem
488 1303 679 1387 propterea
703 1289 803 1386 quod
825 1313 962 1384 regem,
982 1289 1125 1362 fratrem
1152 1315 1276 1378 suum,

217 1408 298 1510 ipse¹
315 1406 485 1480 dominus
505 1406 652 1479 Carolus
673 1408 824 1479 nimium
848 1409 1005 1500 timeret,
1031 1421 1067 1480 et
1090 1423 1280 1508 propterea

217 1548 254 1596 se
283 1522 451 1595 adversus
473 1523 672 1618 potentiam
700 1521 816 1594 fratris
840 1518 896 1596 sui
924 1524 1150 1619 conjunxisse
1177 1525 1280 1598 duci-

217 1637 286 1710 bus
302 1636 513 1733 Burgundiae
531 1651 566 1708 et
585 1636 794 1725 Britanniae3
815 1640 917 1735 cujus
935 1641 1042 1710 etiarn
1066 1641 1281 1735 Burgundios

217 1755 319 1828 ducis
336 1752 444 1825 filiam
470 1753 633 1824 unicam¹
646 1754 877 1826 matrimonio
894 1755 1056 1851 accipere
1074 1753 1280 1828 confidebat

217 1885 252 1944 et
280 1870 431 1943 firmiter
454 1868 635 1967 sperabat,
654 1894 696 1942 ex
713 1893 784 1966 qua
802 1869 868 1941 sibi
890 1871 1013 1942 omnia
1032 1869 1192 1966 ejusdem
1209 1871 1281 1942 du·

218 1987 268 2059 cis
289 1985 451 2058 dominia
465 1984 704 2081 pulcherrima
725 1985 924 2083 potuissent
944 1986 1147 2085 provenire.
1172 1990 1283 2060 Natus

217 2101 313 2174 enirn
337 2101 436 2173 fratri
457 2125 524 2172 suo
548 2102 622 2199 regi
648 2125 739 2200 puer
758 2101 937 2174 masculus
966 2117 1040 2174 erat
1062 2102 1124 2174 illo
1150 2107 1278 2193 anno⁸,
1358 2195 1364 2208 ·

216 2214 349 2287 habere
366 2231 514 2314 propter
534 2239 642 2316 quem
660 2215 803 2287 fratrem
825 2242 932 2289 suum
950 2218 1060 2313 magis
1076 2232 1281 2316 suspectum
1388 2311 1391 2318 .

217 2331 293 2429 ipse
306 2354 368 2402 rex
385 2330 576 2419 ferebatur,
599 2357 666 2421 ne,
693 2333 720 2403 si
738 2331 830 2404 forte
849 2332 917 2404 sibi
935 2335 1197 2431 superviveret,
1217 2360 1281 2407 cu·

217 2445 386 2545 piditate⁸
402 2446 575 2541 regnandi
592 2445 753 2518 sobolem
777 2447 887 2542 ipsius
904 2448 1156 2544 exstingueret.

266 2568 433 2635 Potuerat
450 2562 557 2634 etiam
582 2555 679 2634 idem
700 2561 868 2635 dominus
885 2565 1050 2651 Carolus,
1070 2567 1279 2664 priusquam

217 2677 308 2750 lilius
329 2679 421 2774 regis
443 2693 548 2749 natus
569 2679 707 2766 luisset,
726 2703 827 2777 spem
848 2679 985 2752 habens
1008 2680 1109 2779 quod
1130 2705 1152 2754 a
1172 2683 1279 2756 fratre

217 2816 301 2880 suo,
328 2792 429 2864 nullo
455 2793 579 2864 relicto
607 2792 700 2884 filio,
719 2795 820 2889 regni
837 2797 1015 2867 successio
1034 2797 1080 2869 ad
1097 2797 1214 2896 ipsum
1236 2824 1278 2871 er

217 2924 332 2982 morte
354 2908 471 2981 fratris
502 2923 718 3007 perventura
739 2924 854 3004 esset,
883 2926 969 2983 tunc
991 2925 1182 2984 contentus
1206 2938 1279 2986 rna·

217 3049 301 3097 uere
332 3025 378 3098 de
409 3025 578 3123 portione
614 3049 723 3121 quam
749 3040 951 3126 acceperat,
981 3052 1045 3126 spe
1075 3028 1184 3100 fretus
1214 3029 1278 3100 ali·
1389 3089 1393 3098 .

217 3139 364 3235 quando
380 3138 548 3212 omnibus
569 3140 697 3237 potiri,
717 3155 752 3211 et
773 3140 873 3238 quod
899 3142 945 3213 ad
967 3166 1050 3213 eurn
1067 3167 1206 3215 summa
1222 3158 1279 3215 to-

218 3253 288 3324 tius
313 3257 412 3352 regni
435 3257 608 3327 Franciae⁸
627 3254 853 3328 devolvenda
880 3255 983 3328 foret.
1010 3261 1091 3346 Qua
1106 3282 1170 3357 spe
1194 3283 1277 3332 curn

257 3497 285 3555 l.
308 3499 447 3556 L'auteur
459 3496 569 3556 enonce
583 3496 640 3555 mal
654 3517 695 3556 un
709 3498 760 3556 salt
777 3499 828 3576 qui
842 3513 885 3558 est
901 3499 1038 3580 rapportr's
1057 3521 1111 3581 par
1126 3501 1278 3585 l'interpo-

215 3583 365 3644 lateur'de
386 3585 415 3644 la
436 3585 603 3664 chronique
617 3584 819 3662 scandaleuse‚
836 3587 933 3646 savoir
952 3608 1010 3667 que
1023 3589 1134 3650 Gilbert
1151 3593 1187 3652 tle
1201 3593 1277 3653 Cha·

216 3671 339 3747 bannos,
353 3674 489 3755 seigneur
509 3675 546 3734 de
561 3679 690 3748 Curton,
706 3687 788 3734 etun
804 3688 887 3736 autre
902 3691 1036 3755 regureut
1051 3677 1101 3738 dix
1117 3681 1196 3741 mille
1210 3684 1279 3742 ecus

215 3781 290 3840 pour
311 3760 429 3822 desider
452 3765 479 3822 le
497 3764 598 3842 prince
624 3766 641 3821 a
664 3782 695 3822 se
718 3783 818 3844 passer
839 3762 879 3822 du
903 3765 1022 3838 Poitou‚
1046 3767 1116 3846 qu’il
1135 3771 1214 3829 avait
1233 3772 1279 3830 όῑό

215 3848 337 3909 d’abord
352 3851 486 3928 question
507 3850 544 3910 de
562 3849 680 3926 joiudre
694 3854 711 3910 a
724 3850 752 3910 la
765 3851 915 3928 oniense,
933 3875 1008 3934 pour
1021 3855 1130 3918 former
1142 3877 1195 3917 son
1210 3877 1279 3938 apa-

213 3954 301 4018 noge.

256 4029 285 4085 2.
308 4028 482 4108 Marguerite
496 4027 533 4088 de
547 4033 730 4111 Bourgogne.
761 4083 764 4092 ,

257 4121 286 4178 3.
308 4117 390 4180 celui
401 4119 452 4195 qui
467 4119 510 4178 sut
526 4119 628 4199 depuis
644 4119 761 4180 Clrarles
773 4123 851 4195 Vlll,
866 4121 903 4180 ne
918 4121 946 4182 le
960 4125 997 4182 30
1006 4122 1070 4196 juin
1085 4125 1173 4182 ltro.

257 4209 287 4266 l.
311 4209 462 4282 Cupiditas
472 4207 544 4268 daus
553 4209 581 4270 le
595 4229 650 4269 ms.

258 4299 286 4354 5.
314 4299 466 4354 Britannia
479 4296 551 4356 dans
563 4296 591 4356 le
605 4317 659 4358 ros.
