3282 5168
452 597 453 602 t
560 539 672 596 utrm
696 537 878 612 orturus.

509 945 658 1026 blllllli
687 943 932 1035 QUARTUS.

452 1469 747 1540 CAPITULUM
781 1469 994 1540 PRIMUM.

190 1673 319 1740 Qualiter,
332 1673 460 1727 exstineto
480 1672 626 1744 tqtrinnin
640 1672 722 1742 duce,
737 1693 784 1728 rex
798 1674 886 1728 multis
901 1673 1112 1728 simulationibus
1132 1672 1256 1731 deluserit

225 1751 321 1807 dnoent
335 1751 511 1826 Bnrgnntlin3
525 1766 551 1807 et
564 1753 598 1808 de
611 1755 808 1826 expugnatione
820 1755 916 1810 camelli
934 1754 969 1809 <le
982 1756 1058 1810 Nesla
1069 1755 1098 1810 in
1108 1757 1255 1812 Viroman-

226 1831 281 1900 dis,
296 1845 323 1887 et
335 1831 474 1888 obsidione
487 1832 592 1888 Relrtei
604 1852 653 1908 per
667 1833 881 1908 burgundiones.
1120 1845 1123 1852 '

240 2020 340 2090 Hanc
356 2027 476 2088 autem
493 2015 654 2113 germani
677 2015 731 2088 sui
752 2029 919 2108 mortem,
941 2015 1150 2115 priusquam
1168 2045 1256 2094 con·

190 2141 369 2200 summata
392 2139 427 2198 et
453 2125 592 2226 expleta
616 2140 728 2218 esset,
765 2151 827 2198 rer
852 2151 927 2198 non
955 2141 994 2199 ut
1020 2128 1197 2203 incertum
1220 2148 1256 2206 et

189 2241 399 2340 ambiguum
418 2242 659 2341 exspectabat.
683 2240 825 2314 Sciebat
846 2244 944 2316 enim
967 2268 1047 2341 quae
1076 2253 1257 2322 sementa¹

185 2361 282 2458 jacta
296 2360 456 2450 luissent,
468 2383 491 2431 a
505 2358 638 2457 quibus
651 2356 835 2452 diuturna,
847 2383 919 2456 qua
932 2359 1138 2457 languebat,
1152 2366 1254 2462 aegri·

189 2475 279 2548 tudo
297 2474 503 2575 proveniret
521 2503 530 2545 ι
550 2472 661 2566 unde,
680 2473 763 2545 satis
781 2473 845 2545 diu
870 2488 1063 2572 antequam
1088 2478 1252 2576 spiritum

187 2591 382 2682 exhalaret,
403 2615 570 2689 magnam
586 2589 772 2687 copiarum
789 2611 936 2661 suarum
946 2603 1085 2688 partem
1102 2593 1149 2665 ad
1163 2619 1252 2667 con·

189 2707 277 2781 fines
291 2707 486 2806 Aquitania
499 2704 702 2798 collocavit,
715 2717 766 2798 ut,
779 2728 822 2776 eo
841 2721 1095 2779 consummato
1106 2723 1142 2780 et
1156 2709 1252 2782 diem

188 2825 327 2919 functo,
343 2825 480 2924 absque
502 2844 603 2895 mora
623 2845 750 2894 omnes
773 2821 883 2919 ipsius
903 2834 1016 2893 terras
1031 2837 1068 2894 et
1092 2822 1252 2900 dominia

189 2957 392 3042 occuparet.
413 2943 456 3014 Et
471 2965 517 3014 ne
530 2939 649 3011 forsan
667 2938 741 3010 dux
757 2933 970 3034 Burgundiae
985 2938 1158 3013 aestimare
1171 2966 1253 3040 pos·

188 3071 241 3130 set
262 3082 347 3130 eum
369 3073 520 3154 treugas,
540 3079 620 3154 quae
637 3053 755 3128 adhuc
778 3050 957 3125 durabant
966 3055 990 3144 ¹,
1008 3053 1142 3130 violare
1160 3059 1251 3133 velle

187 3177 239 3276 (in
257 3175 388 3277 quibus
404 3174 707 3274 comprehensum
734 3172 810 3244 fore
831 3171 949 3271 ipsum
969 3173 1163 3269 Aquitaniae
1187 3177 1250 3250 du·

187 3316 280 3386 cem,
294 3305 466 3390 tanquam
480 3290 691 3364 foederatum
706 3288 786 3379 sibi,
802 3301 886 3360 ante
899 3289 972 3384 regi
988 3286 1246 3390 denuntiarat),

186 3408 233 3482 ad
248 3407 466 3482 abolendam
482 3404 733 3505 hujuscemodi
748 3405 1003 3504 suspicionem,
1023 3405 1144 3505 plures
1159 3435 1248 3484 nun·

186 3526 256 3598 tios
281 3539 317 3598 et
342 3523 510 3626 epistolas
542 3548 605 3596 rex
625 3521 744 3594 eidem
774 3521 857 3592 duci
885 3521 1098 3618 Burgundiae
1124 3526 1244 3622 misit,

186 3640 318 3740 quibus
334 3639 401 3714 sibi
419 3637 606 3713 intimabat
620 3637 682 3710 illo
698 3660 780 3710 suas
797 3636 920 3735 copias
939 3636 1147 3734 destinasse,
1170 3669 1245 3717 non

185 3758 286 3856 quod
308 3771 449 3855 treugas
465 3756 599 3830 violare
620 3754 676 3827 vel
698 3753 891 3851 infringere
907 3753 1033 3848 vellet,
1054 3757 1134 3852 sed,
1162 3762 1246 3858 quia

186 3874 294 3948 frater
308 3900 394 3948 suus
410 3874 562 3972 graviter
577 3885 777 3968 aegrotaret,
791 3869 907 3942 vereri
921 3895 959 3943 se
976 3895 1023 3944 ne
1040 3871 1145 3969 sorte,
1161 3877 1190 3948 si
1207 3877 1244 3950 in

186 3985 257 4061 lata
280 3987 526 4080 concessisset,
551 4008 673 4058 comes
693 3982 884 4057 irminiaci
911 3997 973 4056 aut
1005 3983 1096 4058 alius
1121 3986 1248 4088 aliquis

226 4205 256 4266 l.
279 4196 526 4259 Poursemina.1l
542 4215 562 4275 y
577 4216 594 4256 ι
607 4208 735 4254 tumenta
750 4193 823 4254 dans
836 4193 864 4254 le
878 4214 932 4255 ms.

226 4292 256 4348 2.
278 4289 302 4348 ll
319 4287 402 4368 s’agit
414 4285 452 4346 de
465 4285 493 4346 la
508 4289 588 4346 treve
604 4285 723 4344 concine
736 4284 843 4346 devant
856 4285 986 4348 emim.
