3384 5184
288 455 290 458 ’
338 473 375 530 so
610 471 868 530 msromtnuu
887 472 1066 530 nuoovrci
1086 473 1129 530 m

339 604 429 704 regis
445 603 492 677 ad
508 604 605 676 diem
621 618 848 702 sequentem,
866 604 966 702 juxta
982 626 1025 675 ea
1036 627 1121 701 -quae
1138 603 1399 694 insinuaverat,

338 719 567 822 operiebatur
597 719 804 793 adventum.
840 724 918 819 lpse
951 733 1070 792 autem
1103 718 1402 816 Burgundionum

338 836 430 926 dux,
453 835 525 909 hoc
544 836 672 908 nuntio
690 849 859 934 accepto,
884 860 959 906 non
980 836 1172 908 immemor
1191 833 1402 908 insidiamm

338 967 374 1026 et
382 952 458 1025 doli
470 951 600 1050 quibus
611 953 750 1050 genitor
762 976 847 1024 suus
858 950 972 1024 fuerat
981 953 1228 1050 interemptus,
1240 965 1403 1022 metuens

339 1094 385 1142 ne
408 1084 444 1141 et
465 1068 553 1160 sihi,
579 1064 887 1164 quemadmodum
912 1069 1019 1140 unico
1047 1067 1123 1164 ejus
1146 1066 1242 1156 filio,
1268 1067 1403 1140 insidiae

340 1187 472 1286 pariter
498 1183 745 1275 tenderentur,
775 1208 849 1255 non
880 1197 1084 1282 exspectato
1106 1184 1198 1280 regis
1220 1182 1401 1277 adventu,

224 1291 228 1298 ’
341 1301 462 1376 relicto
489 1301 665 1391 Hesdino,
694 1299 848 1372 lnsulas¹
872 1314 925 1372 est
950 1298 1144 1403 profectus.
1170 1303 1260 1370 Cum
1283 1313 1403 1371 autem

340 1417 416 1513 ejus
432 1442 608 1490 recessum
628 1441 688 1488 rex
711 1416 952 1512 cognovisset,
976 1416 1082 1489 simul
1105 1416 1212 1488 etiam
1236 1415 1335 1512 quod
1358 1416 1403 1490 de

340 1532 494 1625 insidiis,
517 1557 597 1631 qum
617 1531 741 1604 comiti
763 1531 808 1604 de
830 1532 1016 1604 Clearcdvt's
1035 1547 1166 1632 paratae
1187 1530 1343 1623 fuerant,
1368 1547 1405 1605 et

340 1649 506 1747 captione
523 1646 682 1722 Bastardi
699 1645 745 1719 de
763 1645 965 1745 Rubemprd
979 1671 1127 1720 currens
1151 1646 1287 1745 ubique
1310 1645 1404 1720 fama

342 1789 405 1838 ora
428 1765 593 1837 omnium
616 1763 833 1862 compleret,
858 1762 1006 1836 dimissa
1027 1761 1204 1850 Picerdia‚
1232 1762 1269 1833 in
1295 1767 1404 1835 Fran-

341 1881 451 1970 ciam,
470 1880 639 1967 Turonis,
658 1893 711 1952 est
727 1901 890 1951 reversus
897 1880 921 1948 ¹.

682 2218 946 2322 cterruuun·
960 2219 1083 2288 xxvr.

344 2423 383 2476 De
394 2420 524 2492 legatione
538 2437 554 2473 a
567 2438 629 2491 rege
640 2419 718 2472 missa
730 2418 765 2473 nd
778 2420 946 2494 Philippum,
956 2421 1117 2496 Burgundise
1134 2421 1245 2492 ducem;
1259 2437 1286 2478 et
1303 2427 1407 2481 comitis

380 2503 416 2580 de
434 2503 580 2569 Clarolois,
600 2501 649 2556 filii
665 2502 723 2569 sui,
738 2521 831 2556 coram
847 2518 922 2576 patre
940 2523 990 2558 suo
1005 2505 1172 2559 accusatione
1182 2505 1342 2577 ,ipsiusque
1359 2507 1408 2561 filii

380 2581 551 2656 responsione
561 2595 639 2654 atque
651 2580 814 2638 defensione.

394 2769 474 2837 Non
491 2763 606 2862 multo
623 2777 717 2862 post,
737 2765 881 2837 mittens
898 2789 959 2836 rex
975 2766 1191 2862 legationem
1208 2765 1407 2844 solemnem

345 2883 391 2956 ad
413 2881 544 2954 ducem
564 2879 804 2975 Burgundiae⁸‚
822 2904 968 2952 omnem
989 2882 1200 2956 insidiarum
1214 2882 1338 2956 etdoli
1351 2909 1409 2957 su·

345 2997 544 3098 spicionem
565 2993 701 3066 diluere
716 2993 928 3068 conabatur.
946 3001 1104 3069 Fuerunt
1123 2999 1160 3070 in
1174 3024 1217 3072 ea
1231 2998 1409 3097 legatione

345 3139 466 3189 comes
487 3114 533 3184 de
554 3114 682 3207 Augc⁸,
705 3112 997 3212 archiepiscopus
1017 3113 1274 3189 Narbonensis⁸
1293 3131 1327 3189 et
1343 3143 1410 3190 ve-

346 3229 514 3304 nerabilis
540 3230 613 3318 vir,
642 3226 815 3300 dominus
842 3232 966 3301 Petrus
991 3229 1037 3302 de
1069 3230 1275 3324 Morvillier,
1301 3259 1410 3332 quem

345 3347 598 3420 cancellarium
611 3343 765 3417 Franciae
778 3346 1024 3438 constituerat,
1043 3362 1167 3420 amoto
1183 3347 1254 3421 alio
1268 3349 1332 3446 qui
1346 3349 1410 3422 diu
1527 3441 1531 3455 ,

346 3463 384 3534 in
402 3486 447 3535 eo
460 3461 581 3533 officio
596 3460 796 3532 servivisset
808 3461 900 3559 patri
915 3464 1009 3534 suo‘.
1027 3467 1094 3536 Per
1110 3488 1173 3537 eos
1190 3463 1299 3562 igitur
1317 3463 1410 3562 lega-

388 3681 418 3737 l.
440 3676 537 3735 Plutdt
554 3679 691 3753 Insulam,
708 3675 795 3738 Lille.

387 3770 418 3828 2.
440 3769 600 3844 comparer
619 3766 646 3825 le
665 3765 736 3825 recit
756 3765 823 3826 bien
837 3765 902 3844 plus
919 3776 1004 3826 exact
1024 3764 1060 3826 de
1082 3768 1211 3850 Georges
1234 3767 1410 3830 Chastellain

347 3862 415 3933 (111⁸
428 3855 531 3938 partie,
546 3855 594 3917 ch.
609 3857 723 3929 xmx).

391 3952 421 4010 3.
444 3952 524 4006 Dans
539 3944 582 4004 les
597 3943 737 4024 premiers
748 3943 830 4018 jours
844 3944 880 4003 de
893 3943 1054 4005 novembre
1071 3947 1161 4005 tttt.

377 4042 419 4098 Ὶ.
443 4035 561 4097 Charles
578 4033 716 4108 d'Artois,
731 4046 825 4093 comte
841 4033 926 4093 d'Eu.

391 4131 421 4188 t.
443 4123 545 4186 C'etait
560 4143 601 4184 un
614 4121 763 4184 Normand
778 4122 880 4202 appele
895 4121 1017 4182 Antoine
1031 4122 1071 4182 du
1085 4122 1294 4204 lieo-Grespiu,

391 4217 421 4272 6.
444 4217 517 4292 ch.
535 4210 691 4284 ci·dessus‚
704 4231 735 4290 p.
751 4213 801 4272 tt.
