3322 5172
391 532 466 594 tot
681 529 935 592 fflsrottttttuu
954 527 1131 586 nunovlct
1151 526 1195 583 XI

408 666 514 741 seoda
541 679 577 738 et
602 675 822 738 sacramenta
838 651 991 733 hominii
1016 683 1079 731 seu
1106 657 1286 731 fidelitatis
1311 657 1472 732 adstricti

408 781 541 856 adhoc
557 805 633 853 esse
647 777 862 852 videbantur
877 831 885 866 ,
904 773 1019 854 cidem
1036 795 1161 870 parere
1174 768 1370 860 curabant;
1389 770 1468 864 sed,

405 923 469 970 seu
490 895 650 989 nobiles,
673 920 737 969 seu
758 893 888 993 plebeii
913 892 969 964 rel
994 889 1212 990 oppidorum
1234 887 1347 977 cives,
1372 911 1472 960 mus·

408 1015 582 1108 citabant,
601 1029 655 1105 et,
675 1014 776 1113 quasi
791 1011 838 1085 ad
853 1036 916 1084 eos
927 1009 1018 1082 nihil
1033 1010 1221 1099 attineret,
1237 1022 1421 1106 torpentes
1435 1021 1472 1080 et

407 1135 512 1208 otiosi
527 1133 697 1231 principis
719 1129 926 1204 calamitatis
950 1140 1191 1226 spectatores,
1210 1126 1247 1197 in
1270 1125 1342 1196 suis
1363 1123 1469 1223 oppi-

406 1249 462 1322 dis
475 1264 513 1321 et
530 1247 700 1320 domibus
716 1243 988 1348 permanebant.

452 1362 562 1453 Quod
586 1387 669 1434 cum
692 1363 768 1460 ipse
789 1361 861 1432 dux
885 1363 934 1434 ita
954 1383 1029 1432 esse
1053 1356 1310 1457 perspexisset,
1329 1356 1471 1452 magnis

405 1478 502 1552 velut
526 1479 646 1549 lurore
670 1492 778 1573 atque
805 1475 1050 1573 indignatione
1067 1495 1280 1566 succensus,
1296 1485 1334 1543 et
1349 1471 1469 1544 verbis

403 1606 440 1665 et
465 1592 624 1690 epistolis
648 1593 869 1689 gravissimas
893 1592 1025 1666 accolis
1046 1592 1204 1689 ipsarum
1227 1613 1375 1662 suarum
1397 1603 1471 1662 ter-

405 1731 526 1780 rarum
548 1724 677 1806 poenas
700 1709 829 1780 inlerre
854 1707 1081 1799 minabatur,
1106 1707 1169 1779 sed
1196 1721 1230 1778 et
1255 1706 1469 1782 cancellario

405 1839 493 1904 suo,
521 1815 600 1886 viro
627 1816 749 1912 utique
779 1815 933 1887 discreto
958 1828 994 1886 et
1019 1813 1470 1912 eloquenti¹,.caeterisque

405 1928 618 2004 officialibus
649 1943 684 2002 et
718 1929 1017 2028 gubernatoribus
1054 1928 1217 2002 locorum
1263 1929 1469 2026 gravissime

406 2043 702 2136 subirascebatur,
724 2071 792 2118 nee
814 2045 994 2118 mitiorem
1011 2069 1157 2144 poenam
1178 2044 1336 2138 eisdem,
1358 2069 1470 2141 quam

403 2180 552 2230 suorum
573 2158 730 2254 capitum
755 2160 1002 2251 amissionem,
1030 2160 1061 2232 si
1086 2158 1278 2231 incolumis
1305 2183 1349 2230 ex
1379 2163 1469 2230 Bur-

404 2270 537 2368 gundia
552 2274 791 2365 remaneret’,
811 2273 1054 2372 promittebat.
1074 2271 1292 2370 Displicebat
1319 2273 1419 2344 enirn
1436 2271 1471 2343 ei

404 2389 636 2462 vehementer
651 2390 773 2489 quod,
794 2417 877 2464 cum
900 2391 1064 2465 riderent
1086 2391 1226 2464 nobiles
1247 2406 1283 2464 et
1299 2390 1470 2464 vassallos

404 2506 581 2606 mandatis
596 2507 668 2577 suis
688 2505 934 2579 inobedientes
951 2506 998 2579 ad
1013 2508 1196 2606 ipsiusque
1213 2508 1396 2580 servitium
1413 2532 1471 2580 ve·

406 2625 483 2694 nire
511 2622 760 2715 detrectantes,
792 2622 1018 2721 adjectasquc
1038 2625 1075 2694 in
1099 2623 1276 2696 mandatis
1300 2624 1468 2723 capitales

406 2762 530 2835 poenas
554 2740 591 2810 in
615 2763 702 2830 eos,
729 2741 792 2836 qui
814 2738 946 2810 eisdem
976 2737 1153 2812 mandatis
1178 2765 1253 2812 non
1276 2755 1464 2838 parerent,

405 2854 586 2924 incurrere
597 2853 620 2946 ⁸,
651 2855 744 2953 ipsas
768 2854 805 2925 in
823 2866 1053 2925 contumaces
1069 2865 1105 2924 ct
1125 2852 1375 2926 inobedientes
1390 2878 1466 2925 non

405 2966 545 3040 realiter
573 2982 872 3066 exsequerentur,
906 2981 941 3046 et
970 2963 1160 3064 potissime
1193 2965 1230 3037 in
1266 2967 1463 3064 quosdam,

405 3081 491 3179 qui,
526 3073 797 3154 excusationum
820 3105 944 3156 causas
969 3081 1179 3180 allegando,
1212 3077 1289 3157 aliis
1313 3083 1361 3159 ad
1390 3111 1464 3160 non

404 3196 605 3295 parendum
620 3196 797 3270 mandatis
822 3212 987 3270 auctores
1005 3200 1063 3272 vel
1084 3223 1247 3275 suasores
1264 3227 1339 3276 esse
1366 3205 1462 3278 vide

405 3310 549 3385 bantur.

452 3426 523 3498 Sed
540 3428 714 3526 imperare
737 3426 884 3524 quidem
901 3444 936 3502 et
952 3431 1123 3504 mandare
1140 3433 1241 3507 facile
1265 3451 1356 3531 erat3
1374 3439 1464 3512 velle

405 3557 524 3615 autem
535 3566 659 3640 poenas
672 3539 718 3613 de
730 3566 805 3614 non
820 3543 1069 3620 obedientibus
1083 3573 1292 3648 exposcere,
1304 3555 1464 3652 prolecto

404 3657 557 3731 arduum
584 3672 619 3730 ct
643 3659 777 3754 ingenti
804 3661 963 3758 periculo
981 3663 1129 3761 plenum
1154 3682 1241 3740 erat.
1267 3673 1347 3742 Non
1368 3676 1464 3746 enim

405 3774 491 3850 dicti
503 3773 733 3848 cancellarius
748 3791 782 3850 et
793 3776 962 3852 officiales
974 3782 1096 3879 copias
1108 3783 1261 3860 militum
1268 3785 1461 3880 habehant,

406 3914 484 3988 quae
509 3889 556 3963 ad
573 3903 647 3964 tarn
662 3892 790 3966 seriam
808 3893 1006 3969 sedendam
1031 3903 1296 3977 exsecutionem
1317 3904 1465 3982 fuissent

445 4081 475 4137 l.
498 4076 662 4138 Guillaume
678 4081 828 4158 Hugunet,
844 4080 978 4161 seigneur
991 4081 1028 4142 de
1041 4085 1163 4148 Saillans
1179 4101 1209 4149 et
1222 4079 1381 4172 d’lipoisse.

443 4170 474 4230 2.
497 4165 592 4227 rluttt
603 4181 747 4229 remearet.

443 4259 473 4318 8.
495 4257 629 4336 Corrigea
642 4263 821 4319 incurrentes.
