3272 5182
574 527 682 584 unm
700 525 862 584 munus.
1135 495 1138 504 ‘
1184 527 1241 582 eta

195 677 312 750 regern
330 658 546 726 Francorum
568 653 662 728 bello
684 669 736 727 cst
759 655 916 726 adortus.
936 653 1131 728 Verebatur
1146 655 1242 726 enim

193 769 444 842 criminationis
463 785 568 867 atque
585 771 734 844 infamiae
747 770 853 842 talem
870 785 1013 866 tamque
1030 785 1169 868 turpem
1182 794 1245 840 no·

194 897 266 956 tam
279 886 480 977 incurrere,
500 900 540 957 ut
565 900 636 958 tam
658 887 862 958 solemniter
883 887 1039 985 percussi
1061 899 1096 957 et
1116 887 1243 958 sacrati

195 1001 334 1080 soederis
362 1001 458 1099 apud
481 1001 673 1092 Pemnam,
692 1002 748 1074 vel
774 1027 857 1074 cum
878 1002 1024 1073 minima
1044 1026 1086 1075 ac
1105 1002 1243 1072 tenuis·-

194 1118 282 1202 sima
295 1116 517 1214 apparentia,
538 1116 706 1189 infractor
720 1115 766 1188 ab
782 1116 901 1211 aliquo
921 1115 990 1186 dici
1008 1120 1155 1213 posset¹.
1175 1116 1243 1188 Sed

194 1232 230 1302 in
244 1230 313 1303 boc
324 1223 398 1302 uon
411 1232 544 1328 quievit
556 1237 772 1304 Francorum
787 1256 866 1322 rex,
881 1255 948 1303 nec
959 1255 1043 1302 suus
1057 1229 1244 1327 praedictus

193 1346 533 1420 connestabularius.

242 1466 373 1535 Verum
391 1465 496 1536 etiam
515 1479 550 1535 et
573 1462 729 1536 nobilem
751 1464 1021 1536 ambianensem
1044 1464 1241 1552 civitatem,

194 1578 472 1676 repugnantibus
492 1603 557 1650 nec
581 1577 850 1651 assentientibus
872 1577 1135 1650 honestioribus
1156 1578 1244 1649 civi-

194 1692 261 1765 bus
281 1692 369 1786 loci,
399 1693 492 1791 vulgi
514 1696 683 1794 praecipiti
706 1711 741 1767 et
765 1694 964 1766 inconsulta
988 1709 1094 1791 atque
1113 1696 1244 1767 tumul·

195 1810 307 1881 tuaria
324 1810 492 1903 factione,
511 1812 671 1883 similiter
695 1812 843 1910 recepit,
870 1825 904 1881 et
925 1834 947 1881 a
969 1810 1069 1881 ducis
1083 1815 1242 1905 burgun-

194 1923 346 1996 dionum
362 1925 499 1998 ditione
514 1925 682 1998 abstraxit
691 1929 713 1996 ¹.
738 1931 779 1997 Et
802 1927 918 2024 primo
941 1925 1106 2023 quidem,
1126 1949 1245 2018 cuma

193 2040 297 2111 certis
318 2041 601 2131 commissariis³‚
628 2042 731 2138 regiis
755 2042 967 2139 quibusdam
992 2042 1153 2139 equitum
1175 2056 1245 2113 tur-

195 2157 261 2227 mis
296 2157 453 2249 sociatis‚
490 2159 655 2230 summati
684 2183 726 2230 ex
759 2173 860 2255 parte
894 2158 984 2255 regis
1015 2158 1245 2254 requisitique

194 2270 340 2343 fuissent
366 2287 406 2344 ut
431 2297 506 2345 sese
531 2274 724 2364 dederent,
754 2274 903 2346 consilio
931 2273 1161 2371 prudentium
1182 2271 1245 2343 ho·

194 2389 461 2488 nestiorumque
491 2391 641 2463 civitatis
671 2415 709 2462 se
740 2391 987 2462 honestissima
1014 2388 1245 2488 responsione

195 2503 410 2598 tutabantur,
426 2520 662 2604 poterantque
680 2529 820 2604 semper
835 2505 961 2576 eadem
979 2528 1016 2575 se
1040 2503 1245 2576 defensione

195 2624 306 2713 tueri,
333 2623 362 2694 si
384 2625 421 2695 in
442 2622 568 2697 eadem
590 2623 761 2694 sententia
786 2620 879 2692 firmi
900 2621 1074 2718 solidique
1099 2620 1246 2692 fuissent

195 2761 237 2810 ac
254 2740 463 2814 mansissent
472 2743 494 2810 ⁶.
518 2743 737 2838 Responsum
749 2737 846 2809 enirn
863 2751 950 2808 tunc
967 2736 1126 2809 consulte
1141 2734 1246 2808 dedc-

236 3001 264 3054 t.
286 2997 489 3076 Appreciation
503 2997 668 3057 tres-sauses
682 2997 733 3058 des
748 2998 928 3078 dispositions
942 2997 1065 3069 duduc,
1083 2999 1133 3076 qni
1147 3016 1245 3076 regar-

196 3085 256 3145 dait
269 3087 297 3146 le
309 3087 392 3147 traitc
406 3086 442 3147 de
454 3088 585 3147 Peronne
598 3107 710 3147 comme
726 3108 829 3167 rompu
845 3088 938 3168 paria
952 3088 1097 3167 receptior
1111 3087 1147 3146 de
1159 3091 1244 3148 War-

196 3175 266 3233 wick
283 3175 475 3249 (Chastelain,
489 3189 562 3255 part
579 3180 639 3250 111,
658 3176 705 3234 ch.
726 3181 841 3252 cxcix),
859 3176 929 3235 mais
946 3177 997 3253 qui
1013 3175 1123 3252 croyait
1139 3174 1163 3233 si
1177 3172 1245 3233 bien

196 3263 328 3324 dominer
346 3265 433 3323 Louis
450 3267 493 3322 Xl
512 3285 564 3345 par
580 3266 608 3324 la
626 3287 709 3344 peur,
729 3266 799 3344 qu‘il
816 3287 899 3326 nese
917 3267 1013 3326 donna
1027 3265 1054 3324 la
1066 3265 1150 3344 peine
1163 3265 1194 3322 ni
1208 3264 1245 3324 de

197 3353 295 3411 reunir
312 3372 356 3412 ses
382 3365 512 3430 troupes‚
532 3355 563 3412 ni
576 3354 612 3411 de
626 3367 728 3414 mettre
746 3375 782 3414 en
801 3357 858 3414 etat
871 3356 907 3414 de
921 3355 1036 3415 defense
1054 3354 1096 3412 les
1113 3353 1196 3412 vilies
1208 3353 1245 3412 de

196 3439 224 3500 la
247 3445 376 3517 somme,
391 3443 517 3522 quoique
534 3443 561 3502 ie
578 3443 634 3503 duc
651 3444 687 3503 de
703 3443 838 3503 Rourb0n
851 3445 893 3503 lui
908 3449 956 3504 edt
972 3444 1067 3503 donne
1081 3462 1148 3501 sous
1169 3441 1245 3501 main

196 3528 279 3676 paris
293 3528 343 3588 des
354 3532 460 3608 projets
473 3550 530 3609 que
544 3532 571 3590 le
585 3532 628 3590 roi
642 3532 756 3591 formait
775 3544 874 3591 contre
894 3553 941 3592 ces
964 3533 1055 3591 villes.
1071 3531 1243 3603 Gommines,
1284 3547 1285 3552 ’

212 3661 218 3675 .
233 3623 287 3692 ΠΙ,
301 3620 347 3680 ch.
363 3642 385 3678 1.

237 3711 265 3767 2.
286 3713 328 3768 Le
342 3712 361 3767 2
376 3711 482 3769 sevrier
496 3713 583 3770 ttu.

238 3801 267 3859 3.
289 3800 341 3858 Ges
358 3800 566 3859 commissaires
585 3799 690 3858 etaient
707 3800 748 3857 les
766 3797 913 3876 seigneurs
931 3797 966 3856 de
983 3801 1085 3876 Tomy,
1101 3796 1137 3857 de
1151 3802 1247 3856 Beuu-

199 3899 278 3946 mont
295 3900 325 3946 et
341 3888 377 3947 de
395 3887 540 3947 Puisieux.
556 3889 626 3946 Voir
642 3887 670 3945 lc
687 3887 757 3946 recit
771 3885 824 3944 tire
838 3885 889 3944 des
902 3886 1034 3965 registres
1049 3886 1085 3945 de
1097 3885 1194 3944 t’hotet
1210 3884 1246 3943 de

198 3977 266 4037 ville
281 3977 428 4038 d’Amiens
445 3982 535 4058 (Aug.
551 3977 682 4055 Thierry‚
696 3975 813 4036 Recueil
832 3974 882 4034 des
900 3981 1081 4036 Monuments
1093 3974 1196 4034 incdits
1210 3974 1246 4033 de

198 4067 343 4128 l’flistoire
357 4067 397 4126 du
409 4058 582 4141 Time-Eun,
598 4079 619 4128 t.
636 4071 679 4141 11,
694 4087 724 4145 p.
742 4068 831 4140 329),
846 4065 917 4123 re‘cit
930 4065 1017 4124 d'une
1030 4080 1167 4125 tournure
1180 4077 1246 4142 trop

198 4155 344 4231 officiclle,
360 4169 387 4216 et
399 4156 469 4234 qu’ii
482 4156 584 4216 faudra
599 4156 729 4215 moditier
744 4175 795 4233 par
808 4155 882 4214 celui
895 4154 932 4214 de
944 4155 1066 4214 Thomas
1079 4153 1172 4215 Basin.

239 4246 268 4305 t.
291 4245 329 4304 lis
340 4266 359 4323 y
370 4245 494 4305 seraient
505 4245 593 4304 restis
604 4245 627 4303 si
639 4245 666 4302 le
676 4243 733 4334 duc
743 4243 780 4302 de
789 4246 971 4325 Bourgogne,
984 4245 1034 4322 qui
1044 4243 1113 4302 etait
1121 4261 1246 4302 accouru
