<?xml version="1.0" encoding="UTF-8"?>
<!DOCTYPE html PUBLIC "-//W3C//DTD XHTML 1.0 Transitional//EN"
    "http://www.w3.org/TR/xhtml1/DTD/xhtml1-transitional.dtd">
<html xmlns="http://www.w3.org/1999/xhtml" xml:lang="en" lang="en">
 <head>
  <title>
</title>
<meta http-equiv="Content-Type" content="text/html;charset=utf-8" />
  <meta name='ocr-system' content='tesseract 3.04.00' />
  <meta name='ocr-capabilities' content='ocr_page ocr_carea ocr_par ocr_line ocrx_word'/>
</head>
<body>
  <div class='ocr_page' id='page_1' title='image "./histoiredesrgne02amelgoog_0216.png"; bbox 0 0 3384 5184; ppageno 0'>
   <div class='ocr_carea' id='block_1_1' title="bbox 638 511 1324 577">
    <p class='ocr_par' dir='ltr' id='par_1_1' title="bbox 638 511 1324 577">
     <span class='ocr_line' id='line_1_1' title="bbox 638 511 1324 577; baseline -0.012 -5"><span class='ocrx_word' id='word_1_1' title='bbox 638 567 642 573; x_wconf 70' lang='grc'>,</span> <span class='ocrx_word' id='word_1_2' title='bbox 659 516 769 572; x_wconf 79' lang='lat' dir='ltr'>LIBER</span> <span class='ocrx_word' id='word_1_3' title='bbox 788 511 937 570; x_wconf 76' lang='lat' dir='ltr'><strong>PRIMUS.</strong></span> <span class='ocrx_word' id='word_1_4' title='bbox 1291 521 1324 577; x_wconf 66' lang='grc' dir='ltr'><strong>οι</strong></span> 
     </span>
    </p>
   </div>
   <div class='ocr_carea' id='block_1_2' title="bbox 148 643 1429 3876">
    <p class='ocr_par' dir='ltr' id='par_1_2' title="bbox 148 643 1429 3876">
     <span class='ocr_line' id='line_1_2' title="bbox 269 643 1330 748; baseline 0 -26"><span class='ocrx_word' id='word_1_5' title='bbox 269 664 338 740; x_wconf 92' lang='lat' dir='ltr'><strong>tos,</strong></span> <span class='ocrx_word' id='word_1_6' title='bbox 355 645 452 720; x_wconf 90' lang='lat' dir='ltr'><strong>dicto</strong></span> <span class='ocrx_word' id='word_1_7' title='bbox 466 645 512 720; x_wconf 92' lang='lat' dir='ltr'><strong>de</strong></span> <span class='ocrx_word' id='word_1_8' title='bbox 528 644 725 719; x_wconf 71' lang='lat' dir='ltr'><strong>Morvillrer</strong></span> <span class='ocrx_word' id='word_1_9' title='bbox 740 643 893 720; x_wconf 78' lang='lat' dir='ltr'><strong>verbum</strong></span> <span class='ocrx_word' id='word_1_10' title='bbox 908 644 1071 738; x_wconf 83' lang='lat' dir='ltr'><strong>faciente,</strong></span> <span class='ocrx_word' id='word_1_11' title='bbox 1091 648 1188 748; x_wconf 88' lang='lat' dir='ltr'><strong>apud</strong></span> <span class='ocrx_word' id='word_1_12' title='bbox 1201 646 1330 722; x_wconf 91' lang='lat' dir='ltr'><strong>ducem</strong></span> 
     </span>
     <span class='ocr_line' id='line_1_3' title="bbox 268 761 1331 863; baseline 0.003 -26"><span class='ocrx_word' id='word_1_13' title='bbox 268 761 494 863; x_wconf 85' lang='lat' dir='ltr'><strong>Burgundiae,</strong></span> <span class='ocrx_word' id='word_1_14' title='bbox 513 764 549 835; x_wconf 94' lang='lat' dir='ltr'><strong>in</strong></span> <span class='ocrx_word' id='word_1_15' title='bbox 568 761 706 863; x_wconf 92' lang='lat' dir='ltr'><strong>oppido</strong></span> <span class='ocrx_word' id='word_1_16' title='bbox 729 787 796 836; x_wconf 91' lang='lat' dir='ltr'><strong>suo</strong></span> <span class='ocrx_word' id='word_1_17' title='bbox 821 762 997 836; x_wconf 88' lang='lat' dir='ltr'><strong>lusulensi</strong></span> <span class='ocrx_word' id='word_1_18' title='bbox 1013 763 1241 837; x_wconf 80' lang='lat' dir='ltr'><strong>exsistentem</strong></span> <span class='ocrx_word' id='word_1_19' title='bbox 1258 790 1331 840; x_wconf 91' lang='lat' dir='ltr'><strong>una</strong></span> 
     </span>
     <span class='ocr_line' id='line_1_4' title="bbox 267 876 1332 977; baseline -0.001 -24"><span class='ocrx_word' id='word_1_20' title='bbox 267 904 352 954; x_wconf 90' lang='lat' dir='ltr'><strong>cum</strong></span> <span class='ocrx_word' id='word_1_21' title='bbox 369 877 515 977; x_wconf 85' lang='lat' dir='ltr'><strong>praelato</strong></span> <span class='ocrx_word' id='word_1_22' title='bbox 531 879 664 952; x_wconf 89' lang='lat' dir='ltr'><strong>comite</strong></span> <span class='ocrx_word' id='word_1_23' title='bbox 682 878 729 951; x_wconf 92' lang='lat' dir='ltr'><strong>de</strong></span> <span class='ocrx_word' id='word_1_24' title='bbox 751 877 952 970; x_wconf 73' lang='lat' dir='ltr'><strong>Charolozs,</strong></span> <span class='ocrx_word' id='word_1_25' title='bbox 975 876 1051 949; x_wconf 84' lang='lat' dir='ltr'><strong>filio</strong></span> <span class='ocrx_word' id='word_1_26' title='bbox 1070 902 1157 970; x_wconf 86' lang='lat' dir='ltr'><strong>suo,</strong></span> <span class='ocrx_word' id='word_1_27' title='bbox 1179 881 1332 976; x_wconf 86' lang='lat' dir='ltr'><strong>graviter</strong></span> 
     </span>
     <span class='ocr_line' id='line_1_5' title="bbox 268 992 1330 1092; baseline -0.001 -22"><span class='ocrx_word' id='word_1_28' title='bbox 268 996 313 1070; x_wconf 92' lang='lat' dir='ltr'><strong>de</strong></span> <span class='ocrx_word' id='word_1_29' title='bbox 336 993 466 1068; x_wconf 90' lang='lat' dir='ltr'><strong>eodem</strong></span> <span class='ocrx_word' id='word_1_30' title='bbox 491 995 639 1088; x_wconf 82' lang='lat' dir='ltr'><strong>comite,</strong></span> <span class='ocrx_word' id='word_1_31' title='bbox 665 1006 742 1065; x_wconf 92' lang='lat' dir='ltr'><strong>tum</strong></span> <span class='ocrx_word' id='word_1_32' title='bbox 766 1008 955 1091; x_wconf 85' lang='lat' dir='ltr'><strong>praesente,</strong></span> <span class='ocrx_word' id='word_1_33' title='bbox 982 992 1225 1092; x_wconf 84' lang='lat' dir='ltr'><strong>querebatur:</strong></span> <span class='ocrx_word' id='word_1_34' title='bbox 1246 1021 1330 1069; x_wconf 89' lang='lat' dir='ltr'><strong>eum</strong></span> 
     </span>
     <span class='ocr_line' id='line_1_6' title="bbox 268 1108 1331 1212; baseline 0.001 -27"><span class='ocrx_word' id='word_1_35' title='bbox 268 1111 427 1186; x_wconf 90' lang='lat' dir='ltr'><strong>criminis</strong></span> <span class='ocrx_word' id='word_1_36' title='bbox 439 1111 528 1182; x_wconf 82' lang='lat' dir='ltr'><strong>laesae</strong></span> <span class='ocrx_word' id='word_1_37' title='bbox 544 1109 734 1206; x_wconf 89' lang='lat' dir='ltr'><strong>majestatis</strong></span> <span class='ocrx_word' id='word_1_38' title='bbox 747 1124 871 1208; x_wconf 90' lang='lat' dir='ltr'><strong>aperte</strong></span> <span class='ocrx_word' id='word_1_39' title='bbox 885 1108 1111 1200; x_wconf 90' lang='lat' dir='ltr'><strong>insimulans,</strong></span> <span class='ocrx_word' id='word_1_40' title='bbox 1128 1111 1229 1209; x_wconf 91' lang='lat' dir='ltr'><strong>quod</strong></span> <span class='ocrx_word' id='word_1_41' title='bbox 1240 1138 1331 1212; x_wconf 84' lang='lat' dir='ltr'><strong>prae·</strong></span> 
     </span>
     <span class='ocr_line' id='line_1_7' title="bbox 268 1223 1332 1327; baseline 0.001 -27"><span class='ocrx_word' id='word_1_42' title='bbox 268 1228 380 1302; x_wconf 85' lang='lat' dir='ltr'><strong>latum</strong></span> <span class='ocrx_word' id='word_1_43' title='bbox 397 1225 607 1298; x_wconf 88' lang='lat' dir='ltr'><strong>Bastardum</strong></span> <span class='ocrx_word' id='word_1_44' title='bbox 622 1225 668 1299; x_wconf 93' lang='lat' dir='ltr'><strong>de</strong></span> <span class='ocrx_word' id='word_1_45' title='bbox 680 1223 880 1323; x_wconf 71' lang='lat' dir='ltr'><strong>Ilubemprd</strong></span> <span class='ocrx_word' id='word_1_46' title='bbox 888 1250 1044 1323; x_wconf 91' lang='lat' dir='ltr'><strong>suosque</strong></span> <span class='ocrx_word' id='word_1_47' title='bbox 1060 1227 1222 1318; x_wconf 87' lang='lat' dir='ltr'><strong>comites,</strong></span> <span class='ocrx_word' id='word_1_48' title='bbox 1240 1229 1332 1327; x_wconf 85' lang='lat' dir='ltr'><strong>regis</strong></span> 
     </span>
     <span class='ocr_line' id='line_1_8' title="bbox 268 1341 1332 1442; baseline 0 -26"><span class='ocrx_word' id='word_1_49' title='bbox 268 1344 455 1416; x_wconf 85' lang='lat' dir='ltr'><strong>servitores</strong></span> <span class='ocrx_word' id='word_1_50' title='bbox 479 1355 515 1414; x_wconf 92' lang='lat' dir='ltr'><strong>et</strong></span> <span class='ocrx_word' id='word_1_51' title='bbox 537 1343 685 1434; x_wconf 90' lang='lat' dir='ltr'><strong>missos,</strong></span> <span class='ocrx_word' id='word_1_52' title='bbox 711 1354 884 1413; x_wconf 89' lang='lat' dir='ltr'><strong>arrestare</strong></span> <span class='ocrx_word' id='word_1_53' title='bbox 905 1353 941 1412; x_wconf 89' lang='lat' dir='ltr'><strong>et</strong></span> <span class='ocrx_word' id='word_1_54' title='bbox 962 1341 1001 1413; x_wconf 90' lang='lat' dir='ltr'><strong>in</strong></span> <span class='ocrx_word' id='word_1_55' title='bbox 1024 1366 1203 1414; x_wconf 84' lang='lat' dir='ltr'><strong>carcerem</strong></span> <span class='ocrx_word' id='word_1_56' title='bbox 1225 1358 1332 1442; x_wconf 87' lang='lat' dir='ltr'><strong>atque</strong></span> 
     </span>
     <span class='ocr_line' id='line_1_9' title="bbox 268 1456 1333 1556; baseline 0.004 -26"><span class='ocrx_word' id='word_1_57' title='bbox 268 1458 410 1531; x_wconf 86' lang='lat' dir='ltr'><strong>vincula</strong></span> <span class='ocrx_word' id='word_1_58' title='bbox 427 1459 565 1531; x_wconf 90' lang='lat' dir='ltr'><strong>mittere</strong></span> <span class='ocrx_word' id='word_1_59' title='bbox 581 1456 877 1556; x_wconf 60' lang='lat' dir='ltr'><strong>praesumpsissem</strong></span> <span class='ocrx_word' id='word_1_60' title='bbox 894 1481 931 1528; x_wconf 89' lang='lat' dir='ltr'><strong>se</strong></span> <span class='ocrx_word' id='word_1_61' title='bbox 945 1456 1131 1531; x_wconf 91' lang='lat' dir='ltr'><strong>subditum</strong></span> <span class='ocrx_word' id='word_1_62' title='bbox 1145 1484 1187 1532; x_wconf 92' lang='lat' dir='ltr'><strong>ac</strong></span> <span class='ocrx_word' id='word_1_63' title='bbox 1200 1461 1333 1534; x_wconf 88' lang='lat' dir='ltr'><strong>vassal-</strong></span> 
     </span>
     <span class='ocr_line' id='line_1_10' title="bbox 268 1570 1333 1673; baseline 0.005 -27"><span class='ocrx_word' id='word_1_64' title='bbox 268 1572 344 1647; x_wconf 91' lang='lat' dir='ltr'><strong>lum</strong></span> <span class='ocrx_word' id='word_1_65' title='bbox 359 1575 450 1670; x_wconf 89' lang='lat' dir='ltr'><strong>regis</strong></span> <span class='ocrx_word' id='word_1_66' title='bbox 466 1597 660 1670; x_wconf 80' lang='lat' dir='ltr'><strong>agnoscere</strong></span> <span class='ocrx_word' id='word_1_67' title='bbox 677 1570 826 1660; x_wconf 88' lang='lat' dir='ltr'><strong>debere,</strong></span> <span class='ocrx_word' id='word_1_68' title='bbox 847 1586 898 1663; x_wconf 91' lang='lat' dir='ltr'><strong>et,</strong></span> <span class='ocrx_word' id='word_1_69' title='bbox 919 1595 983 1671; x_wconf 90' lang='lat' dir='ltr'><strong>per</strong></span> <span class='ocrx_word' id='word_1_70' title='bbox 999 1571 1087 1664; x_wconf 92' lang='lat' dir='ltr'><strong>hoc,</strong></span> <span class='ocrx_word' id='word_1_71' title='bbox 1104 1587 1241 1647; x_wconf 90' lang='lat' dir='ltr'><strong>tantam</strong></span> <span class='ocrx_word' id='word_1_72' title='bbox 1258 1577 1333 1673; x_wconf 85' lang='lat' dir='ltr'><strong>regi</strong></span> 
     </span>
     <span class='ocr_line' id='line_1_11' title="bbox 231 1687 1429 1788; baseline 0 -26"><span class='ocrx_word' id='word_1_73' title='bbox 231 1717 235 1730; x_wconf 73' lang='grc'>’</span> <span class='ocrx_word' id='word_1_74' title='bbox 269 1703 303 1762; x_wconf 90' lang='lat' dir='ltr'><strong>et</strong></span> <span class='ocrx_word' id='word_1_75' title='bbox 326 1688 480 1762; x_wconf 92' lang='lat' dir='ltr'><strong>domino</strong></span> <span class='ocrx_word' id='word_1_76' title='bbox 497 1713 563 1760; x_wconf 90' lang='lat' dir='ltr'><strong>suo</strong></span> <span class='ocrx_word' id='word_1_77' title='bbox 580 1712 751 1788; x_wconf 79' lang='lat' dir='ltr'><strong>supremo</strong></span> <span class='ocrx_word' id='word_1_78' title='bbox 770 1687 937 1784; x_wconf 88' lang='lat' dir='ltr'><strong>injuriam</strong></span> <span class='ocrx_word' id='word_1_79' title='bbox 955 1688 1129 1784; x_wconf 84' lang='lat' dir='ltr'><strong>irrogare,</strong></span> <span class='ocrx_word' id='word_1_80' title='bbox 1150 1704 1189 1761; x_wconf 92' lang='lat' dir='ltr'><strong>ut</strong></span> <span class='ocrx_word' id='word_1_81' title='bbox 1206 1690 1333 1764; x_wconf 91' lang='lat' dir='ltr'><strong>missos</strong></span> <span class='ocrx_word' id='word_1_82' title='bbox 1427 1728 1429 1734; x_wconf 95' lang='lat'>·</span> 
     </span>
     <span class='ocr_line' id='line_1_12' title="bbox 268 1795 1333 1903; baseline 0.003 -26"><span class='ocrx_word' id='word_1_83' title='bbox 268 1831 352 1878; x_wconf 90' lang='lat' dir='ltr'><strong>suos</strong></span> <span class='ocrx_word' id='word_1_84' title='bbox 374 1807 411 1878; x_wconf 93' lang='lat' dir='ltr'><strong>in</strong></span> <span class='ocrx_word' id='word_1_85' title='bbox 432 1795 613 1880; x_wconf 84' lang='lat' dir='ltr'><strong>carcerem</strong></span> <span class='ocrx_word' id='word_1_86' title='bbox 632 1821 667 1879; x_wconf 90' lang='lat' dir='ltr'><strong>et</strong></span> <span class='ocrx_word' id='word_1_87' title='bbox 688 1807 832 1879; x_wconf 84' lang='lat' dir='ltr'><strong>vincula</strong></span> <span class='ocrx_word' id='word_1_88' title='bbox 854 1806 1068 1903; x_wconf 85' lang='lat' dir='ltr'><strong>conjiceret,</strong></span> <span class='ocrx_word' id='word_1_89' title='bbox 1091 1807 1241 1880; x_wconf 89' lang='lat' dir='ltr'><strong>minime</strong></span> <span class='ocrx_word' id='word_1_90' title='bbox 1265 1807 1333 1880; x_wconf 89' lang='lat' dir='ltr'><strong>sibi</strong></span> 
     </span>
     <span class='ocr_line' id='line_1_13' title="bbox 268 1920 1332 2022; baseline 0.002 -29"><span class='ocrx_word' id='word_1_91' title='bbox 268 1936 443 1995; x_wconf 89' lang='lat' dir='ltr'><strong>attentare</strong></span> <span class='ocrx_word' id='word_1_92' title='bbox 456 1921 612 1996; x_wconf 90' lang='lat' dir='ltr'><strong>licuisse.</strong></span> <span class='ocrx_word' id='word_1_93' title='bbox 628 1922 772 1994; x_wconf 89' lang='lat' dir='ltr'><strong>Diluere</strong></span> <span class='ocrx_word' id='word_1_94' title='bbox 790 1935 911 1994; x_wconf 88' lang='lat' dir='ltr'><strong>autem</strong></span> <span class='ocrx_word' id='word_1_95' title='bbox 927 1920 1077 1994; x_wconf 89' lang='lat' dir='ltr'><strong>studens</strong></span> <span class='ocrx_word' id='word_1_96' title='bbox 1091 1923 1332 2022; x_wconf 89' lang='lat' dir='ltr'><strong>suspicionem</strong></span> 
     </span>
     <span class='ocr_line' id='line_1_14' title="bbox 268 2037 1334 2140; baseline 0.004 -30"><span class='ocrx_word' id='word_1_97' title='bbox 268 2039 496 2129; x_wconf 88' lang='lat' dir='ltr'><strong>insidiarum,</strong></span> <span class='ocrx_word' id='word_1_98' title='bbox 516 2039 562 2113; x_wconf 88' lang='lat' dir='ltr'><strong>de</strong></span> <span class='ocrx_word' id='word_1_99' title='bbox 578 2064 649 2138; x_wconf 92' lang='lat' dir='ltr'><strong>qua</strong></span> <span class='ocrx_word' id='word_1_100' title='bbox 669 2040 872 2112; x_wconf 90' lang='lat' dir='ltr'><strong>communis</strong></span> <span class='ocrx_word' id='word_1_101' title='bbox 891 2037 1026 2135; x_wconf 91' lang='lat' dir='ltr'><strong>ubique</strong></span> <span class='ocrx_word' id='word_1_102' title='bbox 1043 2064 1163 2112; x_wconf 91' lang='lat' dir='ltr'><strong>sermo</strong></span> <span class='ocrx_word' id='word_1_103' title='bbox 1181 2055 1334 2140; x_wconf 90' lang='lat' dir='ltr'><strong>perstre-</strong></span> 
     </span>
     <span class='ocr_line' id='line_1_15' title="bbox 269 2154 1332 2256; baseline 0.003 -29"><span class='ocrx_word' id='word_1_104' title='bbox 269 2154 393 2254; x_wconf 90' lang='lat' dir='ltr'><strong>pebat,</strong></span> <span class='ocrx_word' id='word_1_105' title='bbox 413 2154 553 2229; x_wconf 89' lang='lat' dir='ltr'><strong>dicebat</strong></span> <span class='ocrx_word' id='word_1_106' title='bbox 568 2156 734 2256; x_wconf 87' lang='lat' dir='ltr'><strong>praelatos</strong></span> <span class='ocrx_word' id='word_1_107' title='bbox 752 2180 826 2228; x_wconf 90' lang='lat' dir='ltr'><strong>non</strong></span> <span class='ocrx_word' id='word_1_108' title='bbox 843 2154 888 2227; x_wconf 89' lang='lat' dir='ltr'><strong>ad</strong></span> <span class='ocrx_word' id='word_1_109' title='bbox 907 2156 1255 2254; x_wconf 89' lang='lat' dir='ltr'><strong>apprehendendum</strong></span> <span class='ocrx_word' id='word_1_110' title='bbox 1271 2182 1332 2230; x_wconf 92' lang='lat' dir='ltr'><strong>co·</strong></span> 
     </span>
     <span class='ocr_line' id='line_1_16' title="bbox 269 2270 1333 2369; baseline 0.002 -27"><span class='ocrx_word' id='word_1_111' title='bbox 269 2272 394 2343; x_wconf 92' lang='lat' dir='ltr'><strong>mitem</strong></span> <span class='ocrx_word' id='word_1_112' title='bbox 421 2270 467 2344; x_wconf 88' lang='lat' dir='ltr'><strong>de</strong></span> <span class='ocrx_word' id='word_1_113' title='bbox 497 2271 700 2358; x_wconf 61' lang='lat' dir='ltr'><strong>Charonte,</strong></span> <span class='ocrx_word' id='word_1_114' title='bbox 732 2295 796 2342; x_wconf 88' lang='lat' dir='ltr'><strong>seu</strong></span> <span class='ocrx_word' id='word_1_115' title='bbox 828 2270 1027 2369; x_wconf 89' lang='lat' dir='ltr'><strong>quidquam</strong></span> <span class='ocrx_word' id='word_1_116' title='bbox 1054 2272 1088 2343; x_wconf 88' lang='lat' dir='ltr'><strong>ei</strong></span> <span class='ocrx_word' id='word_1_117' title='bbox 1126 2271 1333 2344; x_wconf 91' lang='lat' dir='ltr'><strong>nocendum</strong></span> 
     </span>
     <span class='ocr_line' id='line_1_17' title="bbox 269 2375 1334 2484; baseline 0.002 -26"><span class='ocrx_word' id='word_1_118' title='bbox 269 2375 375 2460; x_wconf 84' lang='lat' dir='ltr'><strong>luisse</strong></span> <span class='ocrx_word' id='word_1_119' title='bbox 403 2387 600 2460; x_wconf 89' lang='lat' dir='ltr'><strong>destinatos</strong></span> <span class='ocrx_word' id='word_1_120' title='bbox 628 2411 695 2484; x_wconf 91' lang='lat' dir='ltr'><strong>per</strong></span> <span class='ocrx_word' id='word_1_121' title='bbox 723 2411 865 2482; x_wconf 91' lang='lat' dir='ltr'><strong>regem;</strong></span> <span class='ocrx_word' id='word_1_122' title='bbox 901 2387 963 2458; x_wconf 92' lang='lat' dir='ltr'><strong>sed</strong></span> <span class='ocrx_word' id='word_1_123' title='bbox 993 2387 1078 2482; x_wconf 90' lang='lat' dir='ltr'><strong>quia</strong></span> <span class='ocrx_word' id='word_1_124' title='bbox 1110 2401 1242 2460; x_wconf 88' lang='lat' dir='ltr'><strong>certam</strong></span> <span class='ocrx_word' id='word_1_125' title='bbox 1272 2412 1334 2460; x_wconf 88' lang='lat' dir='ltr'><strong>rex</strong></span> 
     </span>
     <span class='ocr_line' id='line_1_18' title="bbox 267 2501 1334 2603; baseline -0.001 -26"><span class='ocrx_word' id='word_1_126' title='bbox 267 2503 423 2577; x_wconf 84' lang='lat' dir='ltr'><strong>hahebat</strong></span> <span class='ocrx_word' id='word_1_127' title='bbox 443 2503 607 2576; x_wconf 88' lang='lat' dir='ltr'><strong>notitiam</strong></span> <span class='ocrx_word' id='word_1_128' title='bbox 624 2501 723 2600; x_wconf 90' lang='lat' dir='ltr'><strong>quod</strong></span> <span class='ocrx_word' id='word_1_129' title='bbox 741 2502 813 2573; x_wconf 89' lang='lat' dir='ltr'><strong>dux</strong></span> <span class='ocrx_word' id='word_1_130' title='bbox 831 2501 1020 2574; x_wconf 85' lang='lat' dir='ltr'><strong>Britanniae</strong></span> <span class='ocrx_word' id='word_1_131' title='bbox 1034 2503 1178 2576; x_wconf 89' lang='lat' dir='ltr'><strong>miserat</strong></span> <span class='ocrx_word' id='word_1_132' title='bbox 1193 2503 1334 2603; x_wconf 90' lang='lat' dir='ltr'><strong>aliquos</strong></span> 
     </span>
     <span class='ocr_line' id='line_1_19' title="bbox 269 2616 1334 2717; baseline -0.002 -25"><span class='ocrx_word' id='word_1_133' title='bbox 269 2620 314 2693; x_wconf 94' lang='lat' dir='ltr'><strong>de</strong></span> <span class='ocrx_word' id='word_1_134' title='bbox 337 2621 411 2692; x_wconf 92' lang='lat' dir='ltr'><strong>suis</strong></span> <span class='ocrx_word' id='word_1_135' title='bbox 433 2620 471 2693; x_wconf 91' lang='lat' dir='ltr'><strong>in</strong></span> <span class='ocrx_word' id='word_1_136' title='bbox 495 2616 676 2716; x_wconf 70' lang='lat' dir='ltr'><strong>angliam,</strong></span> <span class='ocrx_word' id='word_1_137' title='bbox 701 2617 866 2714; x_wconf 86' lang='lat' dir='ltr'><strong>quaedam</strong></span> <span class='ocrx_word' id='word_1_138' title='bbox 891 2617 929 2688; x_wconf 94' lang='lat' dir='ltr'><strong>in</strong></span> <span class='ocrx_word' id='word_1_139' title='bbox 952 2641 1058 2689; x_wconf 89' lang='lat' dir='ltr'><strong>suum</strong></span> <span class='ocrx_word' id='word_1_140' title='bbox 1083 2619 1256 2717; x_wconf 85' lang='lat' dir='ltr'><strong>regnique</strong></span> <span class='ocrx_word' id='word_1_141' title='bbox 1279 2618 1334 2690; x_wconf 92' lang='lat' dir='ltr'><strong>sui</strong></span> 
     </span>
     <span class='ocr_line' id='line_1_20' title="bbox 268 2733 1333 2835; baseline 0.001 -28"><span class='ocrx_word' id='word_1_142' title='bbox 268 2735 514 2835; x_wconf 87' lang='lat' dir='ltr'><strong>praejudicium</strong></span> <span class='ocrx_word' id='word_1_143' title='bbox 536 2734 725 2808; x_wconf 89' lang='lat' dir='ltr'><strong>molituros</strong></span> <span class='ocrx_word' id='word_1_144' title='bbox 746 2735 823 2832; x_wconf 88' lang='lat' dir='ltr'><strong>(qui</strong></span> <span class='ocrx_word' id='word_1_145' title='bbox 846 2733 892 2806; x_wconf 92' lang='lat' dir='ltr'><strong>de</strong></span> <span class='ocrx_word' id='word_1_146' title='bbox 910 2734 1075 2834; x_wconf 88' lang='lat' dir='ltr'><strong>proximo</strong></span> <span class='ocrx_word' id='word_1_147' title='bbox 1099 2735 1183 2807; x_wconf 91' lang='lat' dir='ltr'><strong>inde</strong></span> <span class='ocrx_word' id='word_1_148' title='bbox 1203 2737 1333 2810; x_wconf 89' lang='lat' dir='ltr'><strong>reverti</strong></span> 
     </span>
     <span class='ocr_line' id='line_1_21' title="bbox 269 2850 1333 2952; baseline -0.003 -27"><span class='ocrx_word' id='word_1_149' title='bbox 269 2850 461 2944; x_wconf 92' lang='lat' dir='ltr'><strong>deberent,</strong></span> <span class='ocrx_word' id='word_1_150' title='bbox 481 2866 516 2924; x_wconf 89' lang='lat' dir='ltr'><strong>et</strong></span> <span class='ocrx_word' id='word_1_151' title='bbox 530 2876 596 2952; x_wconf 90' lang='lat' dir='ltr'><strong>per</strong></span> <span class='ocrx_word' id='word_1_152' title='bbox 612 2851 782 2924; x_wconf 86' lang='lat' dir='ltr'><strong>comitem</strong></span> <span class='ocrx_word' id='word_1_153' title='bbox 796 2850 842 2922; x_wconf 93' lang='lat' dir='ltr'><strong>de</strong></span> <span class='ocrx_word' id='word_1_154' title='bbox 860 2850 1045 2922; x_wconf 72' lang='lat' dir='ltr'><strong>tturolois</strong></span> <span class='ocrx_word' id='word_1_155' title='bbox 1058 2852 1095 2921; x_wconf 92' lang='lat' dir='ltr'><strong>in</strong></span> <span class='ocrx_word' id='word_1_156' title='bbox 1113 2850 1333 2923; x_wconf 85' lang='lat' dir='ltr'><strong>Britanniam</strong></span> 
     </span>
     <span class='ocr_line' id='line_1_22' title="bbox 148 2964 1330 3068; baseline -0.003 -28"><span class='ocrx_word' id='word_1_157' title='bbox 148 3053 158 3068; x_wconf 93' lang='lat'>.</span> <span class='ocrx_word' id='word_1_158' title='bbox 269 2967 455 3065; x_wconf 89' lang='lat' dir='ltr'><strong>remeare),</strong></span> <span class='ocrx_word' id='word_1_159' title='bbox 468 2981 658 3067; x_wconf 92' lang='lat' dir='ltr'><strong>propterea</strong></span> <span class='ocrx_word' id='word_1_160' title='bbox 674 2967 824 3038; x_wconf 89' lang='lat' dir='ltr'><strong>misisset</strong></span> <span class='ocrx_word' id='word_1_161' title='bbox 844 2965 1051 3038; x_wconf 87' lang='lat' dir='ltr'><strong>Bastardum</strong></span> <span class='ocrx_word' id='word_1_162' title='bbox 1063 2965 1109 3040; x_wconf 92' lang='lat' dir='ltr'><strong>de</strong></span> <span class='ocrx_word' id='word_1_163' title='bbox 1123 2964 1330 3064; x_wconf 84' lang='lat' dir='ltr'><strong>Rubempre&#39;,</strong></span> 
     </span>
     <span class='ocr_line' id='line_1_23' title="bbox 269 3080 1335 3181; baseline -0.005 -24"><span class='ocrx_word' id='word_1_164' title='bbox 269 3084 316 3157; x_wconf 88' lang='lat' dir='ltr'><strong>ad</strong></span> <span class='ocrx_word' id='word_1_165' title='bbox 336 3081 619 3156; x_wconf 88' lang='lat' dir='ltr'><strong>collustrandum</strong></span> <span class='ocrx_word' id='word_1_166' title='bbox 639 3095 674 3154; x_wconf 89' lang='lat' dir='ltr'><strong>et</strong></span> <span class='ocrx_word' id='word_1_167' title='bbox 689 3080 957 3181; x_wconf 83' lang='lat' dir='ltr'><strong>pervagandum</strong></span> <span class='ocrx_word' id='word_1_168' title='bbox 976 3081 1113 3154; x_wconf 89' lang='lat' dir='ltr'><strong>diversa</strong></span> <span class='ocrx_word' id='word_1_169' title='bbox 1134 3081 1215 3154; x_wconf 86' lang='lat' dir='ltr'><strong>loca</strong></span> <span class='ocrx_word' id='word_1_170' title='bbox 1233 3082 1335 3154; x_wconf 89' lang='lat' dir='ltr'><strong>navi-</strong></span> 
     </span>
     <span class='ocr_line' id='line_1_24' title="bbox 270 3197 1334 3298; baseline 0.001 -27"><span class='ocrx_word' id='word_1_171' title='bbox 270 3200 346 3296; x_wconf 91' lang='lat' dir='ltr'><strong>gio,</strong></span> <span class='ocrx_word' id='word_1_172' title='bbox 373 3213 565 3298; x_wconf 88' lang='lat' dir='ltr'><strong>quatenus,</strong></span> <span class='ocrx_word' id='word_1_173' title='bbox 593 3199 623 3269; x_wconf 90' lang='lat' dir='ltr'><strong>si</strong></span> <span class='ocrx_word' id='word_1_174' title='bbox 646 3198 733 3271; x_wconf 88' lang='lat' dir='ltr'><strong>dicti</strong></span> <span class='ocrx_word' id='word_1_175' title='bbox 758 3198 861 3272; x_wconf 90' lang='lat' dir='ltr'><strong>ducis</strong></span> <span class='ocrx_word' id='word_1_176' title='bbox 886 3198 1021 3295; x_wconf 86' lang='lat' dir='ltr'><strong>legatos</strong></span> <span class='ocrx_word' id='word_1_177' title='bbox 1046 3197 1175 3270; x_wconf 87' lang='lat' dir='ltr'><strong>obvios</strong></span> <span class='ocrx_word' id='word_1_178' title='bbox 1199 3197 1334 3272; x_wconf 91' lang='lat' dir='ltr'><strong>habere</strong></span> 
     </span>
     <span class='ocr_line' id='line_1_25' title="bbox 269 3313 1335 3414; baseline -0.001 -27"><span class='ocrx_word' id='word_1_179' title='bbox 269 3330 405 3413; x_wconf 92' lang='lat' dir='ltr'><strong>posset,</strong></span> <span class='ocrx_word' id='word_1_180' title='bbox 425 3339 486 3388; x_wconf 90' lang='lat' dir='ltr'><strong>eos</strong></span> <span class='ocrx_word' id='word_1_181' title='bbox 502 3313 788 3414; x_wconf 87' lang='lat' dir='ltr'><strong>apprehenderet</strong></span> <span class='ocrx_word' id='word_1_182' title='bbox 803 3329 839 3388; x_wconf 93' lang='lat' dir='ltr'><strong>et</strong></span> <span class='ocrx_word' id='word_1_183' title='bbox 852 3314 999 3388; x_wconf 90' lang='lat' dir='ltr'><strong>duceret</strong></span> <span class='ocrx_word' id='word_1_184' title='bbox 1012 3313 1058 3387; x_wconf 90' lang='lat' dir='ltr'><strong>ad</strong></span> <span class='ocrx_word' id='word_1_185' title='bbox 1075 3338 1213 3412; x_wconf 85' lang='lat' dir='ltr'><strong>regem,</strong></span> <span class='ocrx_word' id='word_1_186' title='bbox 1233 3313 1335 3411; x_wconf 88' lang='lat' dir='ltr'><strong>cujus</strong></span> 
     </span>
     <span class='ocr_line' id='line_1_26' title="bbox 270 3429 1334 3532; baseline -0.002 -28"><span class='ocrx_word' id='word_1_187' title='bbox 270 3456 345 3505; x_wconf 91' lang='lat' dir='ltr'><strong>non</strong></span> <span class='ocrx_word' id='word_1_188' title='bbox 369 3456 482 3532; x_wconf 86' lang='lat' dir='ltr'><strong>parvo</strong></span> <span class='ocrx_word' id='word_1_189' title='bbox 505 3432 689 3504; x_wconf 83' lang='lat' dir='ltr'><strong>interesset</strong></span> <span class='ocrx_word' id='word_1_190' title='bbox 709 3431 914 3505; x_wconf 90' lang='lat' dir='ltr'><strong>molitiones</strong></span> <span class='ocrx_word' id='word_1_191' title='bbox 938 3431 1100 3529; x_wconf 86' lang='lat' dir='ltr'><strong>ejusdem</strong></span> <span class='ocrx_word' id='word_1_192' title='bbox 1124 3429 1226 3503; x_wconf 92' lang='lat' dir='ltr'><strong>ducis</strong></span> <span class='ocrx_word' id='word_1_193' title='bbox 1250 3453 1334 3502; x_wconf 91' lang='lat' dir='ltr'><strong>cum</strong></span> 
     </span>
     <span class='ocr_line' id='line_1_27' title="bbox 270 3546 1335 3648; baseline 0.002 -28"><span class='ocrx_word' id='word_1_194' title='bbox 270 3550 342 3622; x_wconf 91' lang='lat' dir='ltr'><strong>suis</strong></span> <span class='ocrx_word' id='word_1_195' title='bbox 371 3549 616 3622; x_wconf 79' lang='lat' dir='ltr'><strong>infensissimis</strong></span> <span class='ocrx_word' id='word_1_196' title='bbox 643 3546 808 3621; x_wconf 88' lang='lat' dir='ltr'><strong>hostibus</strong></span> <span class='ocrx_word' id='word_1_197' title='bbox 838 3562 874 3620; x_wconf 91' lang='lat' dir='ltr'><strong>et</strong></span> <span class='ocrx_word' id='word_1_198' title='bbox 901 3549 1050 3622; x_wconf 89' lang='lat' dir='ltr'><strong>consilia</strong></span> <span class='ocrx_word' id='word_1_199' title='bbox 1080 3548 1264 3648; x_wconf 89' lang='lat' dir='ltr'><strong>percipere</strong></span> <span class='ocrx_word' id='word_1_200' title='bbox 1292 3573 1335 3622; x_wconf 88' lang='lat' dir='ltr'><strong>ac</strong></span> 
     </span>
     <span class='ocr_line' id='line_1_28' title="bbox 270 3661 1332 3761; baseline -0.002 -25"><span class='ocrx_word' id='word_1_201' title='bbox 270 3667 515 3760; x_wconf 88' lang='lat' dir='ltr'><strong>cognoscere¹.</strong></span> <span class='ocrx_word' id='word_1_202' title='bbox 545 3664 719 3761; x_wconf 83' lang='lat' dir='ltr'><strong>Petiitque</strong></span> <span class='ocrx_word' id='word_1_203' title='bbox 743 3661 911 3751; x_wconf 88' lang='lat' dir='ltr'><strong>tandem,</strong></span> <span class='ocrx_word' id='word_1_204' title='bbox 941 3686 1044 3753; x_wconf 89' lang='lat' dir='ltr'><strong>cum,</strong></span> <span class='ocrx_word' id='word_1_205' title='bbox 1078 3662 1126 3735; x_wconf 90' lang='lat' dir='ltr'><strong>ob</strong></span> <span class='ocrx_word' id='word_1_206' title='bbox 1152 3663 1332 3736; x_wconf 93' lang='lat' dir='ltr'><strong>dictorum</strong></span> 
     </span>
     <span class='ocr_line' id='line_1_29' title="bbox 270 3777 1333 3876; baseline -0.001 -25"><span class='ocrx_word' id='word_1_207' title='bbox 270 3793 458 3876; x_wconf 89' lang='lat' dir='ltr'><strong>captorum</strong></span> <span class='ocrx_word' id='word_1_208' title='bbox 486 3779 752 3870; x_wconf 82' lang='lat' dir='ltr'><strong>detentionem,</strong></span> <span class='ocrx_word' id='word_1_209' title='bbox 779 3778 943 3851; x_wconf 81' lang='lat' dir='ltr'><strong>maximis</strong></span> <span class='ocrx_word' id='word_1_210' title='bbox 967 3777 1136 3851; x_wconf 92' lang='lat' dir='ltr'><strong>eumdem</strong></span> <span class='ocrx_word' id='word_1_211' title='bbox 1163 3781 1333 3852; x_wconf 90' lang='lat' dir='ltr'><strong>comitem</strong></span> 
     </span>
    </p>
   </div>
   <div class='ocr_carea' id='block_1_3' title="bbox 250 3996 1356 4350">
    <p class='ocr_par' dir='ltr' id='par_1_3' title="bbox 250 3996 1356 4350">
     <span class='ocr_line' id='line_1_30' title="bbox 311 3996 1332 4081; baseline -0.005 -21"><span class='ocrx_word' id='word_1_212' title='bbox 311 4003 340 4060; x_wconf 87' lang='lat' dir='ltr'><strong>l.</strong></span> <span class='ocrx_word' id='word_1_213' title='bbox 364 4002 418 4061; x_wconf 84' lang='lat' dir='ltr'><strong>Ces</strong></span> <span class='ocrx_word' id='word_1_214' title='bbox 430 4000 542 4060; x_wconf 83' lang='lat' dir='ltr'><strong>raisons</strong></span> <span class='ocrx_word' id='word_1_215' title='bbox 556 4013 621 4060; x_wconf 81' lang='lat' dir='ltr'><strong>sont</strong></span> <span class='ocrx_word' id='word_1_216' title='bbox 636 3999 776 4081; x_wconf 76' lang='lat' dir='ltr'><strong>exposees</strong></span> <span class='ocrx_word' id='word_1_217' title='bbox 792 4017 863 4058; x_wconf 88' lang='lat' dir='ltr'><strong>avec</strong></span> <span class='ocrx_word' id='word_1_218' title='bbox 881 4009 942 4068; x_wconf 87' lang='lat' dir='ltr'><strong>tout</strong></span> <span class='ocrx_word' id='word_1_219' title='bbox 956 3997 984 4057; x_wconf 88' lang='lat' dir='ltr'><strong>le</strong></span> <span class='ocrx_word' id='word_1_220' title='bbox 998 3997 1241 4078; x_wconf 76' lang='lat' dir='ltr'><strong>developpemeut</strong></span> <span class='ocrx_word' id='word_1_221' title='bbox 1254 3996 1332 4056; x_wconf 72' lang='lat' dir='ltr'><strong>desi-</strong></span> 
     </span>
     <span class='ocr_line' id='line_1_31' title="bbox 250 4087 1333 4171; baseline -0.004 -21"><span class='ocrx_word' id='word_1_222' title='bbox 250 4091 351 4161; x_wconf 58' lang='lat' dir='ltr'><strong>erablc</strong></span> <span class='ocrx_word' id='word_1_223' title='bbox 366 4090 438 4150; x_wconf 88' lang='lat' dir='ltr'><strong>dans</strong></span> <span class='ocrx_word' id='word_1_224' title='bbox 458 4111 498 4150; x_wconf 90' lang='lat' dir='ltr'><strong>un</strong></span> <span class='ocrx_word' id='word_1_225' title='bbox 512 4090 641 4150; x_wconf 88' lang='lat' dir='ltr'><strong>discours</strong></span> <span class='ocrx_word' id='word_1_226' title='bbox 660 4089 808 4171; x_wconf 76' lang='lat' dir='ltr'><strong>prononce</strong></span> <span class='ocrx_word' id='word_1_227' title='bbox 825 4109 883 4149; x_wconf 83' lang='lat' dir='ltr'><strong>aux</strong></span> <span class='ocrx_word' id='word_1_228' title='bbox 902 4088 1046 4148; x_wconf 87' lang='lat' dir='ltr'><strong>habitants</strong></span> <span class='ocrx_word' id='word_1_229' title='bbox 1066 4087 1214 4147; x_wconf 78' lang='lat' dir='ltr'><strong>d&#39;Amiens</strong></span> <span class='ocrx_word' id='word_1_230' title='bbox 1233 4105 1288 4166; x_wconf 86' lang='lat' dir='ltr'><strong>par</strong></span> <span class='ocrx_word' id='word_1_231' title='bbox 1305 4087 1333 4146; x_wconf 78' lang='lat' dir='ltr'><strong>le</strong></span> 
     </span>
     <span class='ocr_line' id='line_1_32' title="bbox 270 4169 1356 4256; baseline -0.007 -15"><span class='ocrx_word' id='word_1_232' title='bbox 270 4177 433 4241; x_wconf 88' lang='lat' dir='ltr'><strong>chancelier</strong></span> <span class='ocrx_word' id='word_1_233' title='bbox 451 4178 488 4238; x_wconf 92' lang='lat' dir='ltr'><strong>de</strong></span> <span class='ocrx_word' id='word_1_234' title='bbox 509 4182 627 4244; x_wconf 74' lang='lat' dir='ltr'><strong>Franco.</strong></span> <span class='ocrx_word' id='word_1_235' title='bbox 642 4185 679 4242; x_wconf 80' lang='grc' dir='ltr'><strong>Α.</strong></span> <span class='ocrx_word' id='word_1_236' title='bbox 691 4177 823 4256; x_wconf 84' lang='lat' dir='ltr'><strong>Thierry.</strong></span> <span class='ocrx_word' id='word_1_237' title='bbox 846 4183 1014 4238; x_wconf 82' lang='lat' dir='ltr'><strong>Documents</strong></span> <span class='ocrx_word' id='word_1_238' title='bbox 1027 4179 1131 4234; x_wconf 80' lang='lat' dir='ltr'><strong>ine&#39;dtts</strong></span> <span class='ocrx_word' id='word_1_239' title='bbox 1142 4196 1193 4234; x_wconf 80' lang='lat' dir='ltr'><strong>sur</strong></span> <span class='ocrx_word' id='word_1_240' title='bbox 1203 4179 1331 4250; x_wconf 77' lang='lat' dir='ltr'><strong>Amicus,</strong></span> <span class='ocrx_word' id='word_1_241' title='bbox 1348 4169 1356 4186; x_wconf 78' lang='lat'><strong><em>¹</em></strong></span> 
     </span>
     <span class='ocr_line' id='line_1_33' title="bbox 270 4263 1169 4350; baseline -0.009 -22"><span class='ocrx_word' id='word_1_242' title='bbox 270 4283 292 4328; x_wconf 89' lang='lat' dir='ltr'><strong>t.</strong></span> <span class='ocrx_word' id='word_1_243' title='bbox 305 4274 350 4342; x_wconf 89' lang='lat'><strong>11,</strong></span> <span class='ocrx_word' id='word_1_244' title='bbox 365 4291 397 4350; x_wconf 90' lang='lat' dir='ltr'><strong>p.</strong></span> <span class='ocrx_word' id='word_1_245' title='bbox 413 4272 490 4340; x_wconf 70' lang='lat'><strong>2765</strong></span> <span class='ocrx_word' id='word_1_246' title='bbox 509 4267 580 4326; x_wconf 91' lang='lat' dir='ltr'><strong>dans</strong></span> <span class='ocrx_word' id='word_1_247' title='bbox 592 4266 622 4326; x_wconf 88' lang='lat' dir='ltr'><strong>la</strong></span> <span class='ocrx_word' id='word_1_248' title='bbox 636 4265 791 4327; x_wconf 83' lang='lat' dir='ltr'><strong>collection</strong></span> <span class='ocrx_word' id='word_1_249' title='bbox 805 4266 856 4327; x_wconf 89' lang='lat' dir='ltr'><strong>des</strong></span> <span class='ocrx_word' id='word_1_250' title='bbox 870 4266 1041 4326; x_wconf 86' lang='lat' dir='ltr'><strong>documents</strong></span> <span class='ocrx_word' id='word_1_251' title='bbox 1054 4263 1169 4324; x_wconf 74' lang='lat' dir='ltr'><strong>inedits.</strong></span> 
     </span>
    </p>
   </div>
   <div class='ocr_carea' id='block_1_4' title="bbox 0 0 1701 5184">
    <p class='ocr_par' dir='ltr' id='par_1_4' title="bbox 0 0 1701 5184">
     <span class='ocr_line' id='line_1_34' title="bbox 0 0 1701 5184; baseline 0 0"><span class='ocrx_word' id='word_1_252' title='bbox 0 0 1701 5184; x_wconf 95' lang='lat' dir='ltr'><strong> </strong></span> 
     </span>
    </p>
   </div>
  </div>
 </body>
</html>
