3272 5182
385 429 445 488 2⁴8
495 487 498 498 ,
656 426 910 486 msmnltnnn
928 426 1103 487 LUDOVICI
1121 429 1164 487 x1

345 647 350 652 ,
386 562 429 636 lis
451 558 626 633 dictorum
647 557 810 632 locorum
836 558 964 631 civium
987 559 1127 632 animos
1148 559 1195 634 ad
1218 560 1454 635 deditionem

386 674 608 750 sollicitabat.
843 684 847 691 '

438 791 503 863 Cui
522 791 574 862 rei
595 789 756 886 gerendae
771 813 808 862 sc
824 789 1023 862 ministrum
1039 804 1145 886 atque
1166 791 1454 863 instrumentum

388 907 468 978 secit
502 930 623 977 comes
655 904 911 997 Sancti-Pauli,
942 903 1293 976 connestabularins¹
1320 906 1454 978 dictus

389 1022 561 1113 Franciae3
591 1020 673 1117 qui,
697 1043 810 1117 prope
834 1017 1041 1114 hujusmodi
1070 1020 1227 1091 civitates
1249 1034 1284 1092 et
1306 1019 1454 1117 oppida

390 1135 552 1237 praesidia
573 1137 726 1210 militum
747 1134 912 1223 habens⁸,
936 1133 1219 1233 primoquidem
1242 1133 1384 1206 civibus
1407 1159 1453 1205 ex

389 1254 559 1326 condicto
575 1252 774 1325 voluntarie
792 1274 830 1321 se
850 1249 1063 1322 dedentibus
1081 1265 1117 1322 et
1137 1249 1205 1322 snb
1220 1250 1354 1347 regiam
1369 1274 1454 1321 ma·

390 1393 478 1440 num
495 1367 740 1439 affectantibus
754 1365 889 1455 venire,
905 1364 1079 1464 oppidum
1091 1365 1393 1452 Sancti-Quintini
1412 1365 1450 1435 in

392 1482 635 1572 Viromandia,
654 1508 760 1582 supra
775 1484 1008 1554 Summonam
1020 1481 1153 1553 llumen
1170 1482 1289 1567 sitnm,
1312 1481 1454 1578 recepit

392 1611 496 1698 atque
513 1597 704 1688 introivit⁸,
718 1622 802 1670 cnm
816 1595 925 1685 nulla,
939 1611 979 1668 ut
995 1596 1160 1687 diximus,
1177 1595 1370 1694 postillam
1388 1621 1452 1668 so·

390 1717 546 1788 lemnem
569 1729 676 1812 atque
701 1729 772 1785 tam
793 1728 1007 1804 reverenter,
1025 1711 1122 1810 apud
1140 1716 1333 1805 Peronam,
1354 1715 1453 1784 inter

392 1855 511 1928 regem
534 1833 750 1902 Francorum
770 1843 806 1899 et
826 1826 1036 1924 Burgundiae
1058 1826 1205 1916 ducem,
1223 1840 1452 1900 sacramento

393 1944 598 2018 solemniter
613 1942 790 2014 firmatam
802 1956 1011 2042 perpetuam
1025 1967 1164 2041 pacem,
1181 1941 1384 2032 hostilium
1397 1956 1452 2012 at·

369 2059 372 2070 '
394 2057 645 2157 queinlerendi
653 2056 737 2129 belli
743 2056 963 2130 denuntiatio
974 2058 1090 2156 palam
1102 2059 1345 2157 praecessisset.
1359 2061 1452 2146 Quae

395 2175 425 2248 si
435 2174 677 2274 praecessisset,
691 2197 766 2245 non
783 2187 835 2246 est
850 2172 1095 2256 arbitrandum
1112 2173 1210 2271 quod
1225 2175 1450 2272 Burgundio·

308 2363 313 2368 ,
396 2312 484 2359 num
494 2287 567 2359 dux
576 2286 824 2384 hujuscemodi
837 2287 1011 2387 oppidum
1024 2302 1060 2361 et
1068 2287 1135 2361 alia
1145 2287 1328 2361 hostilium
1342 2304 1451 2362 terra·

397 2427 479 2474 rum
497 2402 696 2494 limitanea,
715 2401 849 2500 absque
862 2403 1013 2476 militum
1030 2402 1201 2503 praesidiis
1217 2417 1252 2476 et
1266 2405 1449 2494 custodia,

399 2519 610 2618 reliquisset.

440 2629 572 2726 Unde,
601 2631 684 2704 lieet
709 2631 958 2730 hujuscemodi
987 2632 1162 2732 oppidum
1182 2636 1243 2708 tali
1269 2635 1452 2708 machina·

401 2761 524 2820 mento
543 2747 593 2819 sie
608 2745 654 2817 ab
675 2770 720 2819 eu
740 2746 942 2839 defecisset,
963 2771 1038 2820 non
1056 2749 1174 2820 statim
1192 2763 1312 2822 tamen
1332 2749 1452 2824 adhuc

400 2983 433 3042 fit
445 2983 472 3042 le
483 2982 541 3042 duc
553 2982 590 3042 de
602 2985 772 3060 bourgogne
788 2999 846 3040 anx
859 2981 985 3062 enroyes
998 2981 1038 3040 dn
1052 2983 1111 3058 roi,
1126 2981 1176 3059 qui
1188 2980 1305 3044 allaient
1317 2983 1360 3042 lui
1371 2981 1454 3042 ullrir

400 3072 563 3152 reparation
578 3071 615 3129 de
628 3082 690 3130 tout
702 3070 731 3128 le
745 3068 895 3151 dommage
908 3072 992 3130 cause*
1005 3090 1059 3151 par
1070 3073 1213 3133 Warwiclr
1228 3095 1235 3131 :
1252 3098 1266 3127 ι
1280 3077 1368 3133 Entre
1380 3090 1452 3132 nous

400 3175 497 3222 autres
511 3155 709 3240 Portugelois,
725 3176 814 3217 aruns
827 3179 885 3218 une
900 3173 1048 3219 constnme
1061 3160 1163 3220 derers
1178 3182 1268 3234 nous,
1284 3182 1342 3240 que
1356 3159 1454 3240 quand

403 3251 488 3311 cculx
498 3269 555 3328 que
565 3267 638 3306 nous
650 3265 740 3306 aruns
752 3257 834 3307 tenus
846 3250 927 3308 dnos
939 3249 1011 3310 amis
1025 3269 1056 3308 ae
1068 3251 1129 3309 lunt
1141 3251 1212 3310 amis
1223 3253 1239 3309 l
1250 3270 1303 3309 nos
1314 3251 1452 3320 mnemia,

402 3361 476 3402 nous
487 3341 530 3399 les
540 3335 746 3398 commandens
756 3339 773 3395 l
783 3349 847 3397 tons
858 3338 900 3398 les
910 3351 975 3398 cent
985 3339 1065 3399 mille
1076 3339 1185 3400 diablus
1199 3339 1321 3402 d’enler.
1339 3366 1352 3392 »ι
1371 3339 1454 3398 «Re-

402 3449 509 3511 ponse,
530 3429 573 3487 dit
591 3425 767 3501 Chastelain,
784 3446 843 3486 non
861 3448 913 3507 pas
931 3427 1000 3487 bien
1019 3429 1096 3507 prise
1112 3428 1162 3488 des
1182 3448 1252 3508 gens
1271 3448 1394 3488 mesmes
1416 3428 1454 3488 du

403 3519 470 3579 duc.
487 3543 501 3568 υ
516 3514 610 3592 (Part.
625 3517 678 3590 m,
690 3515 736 3578 eh.
751 3517 809 3574 199
819 3529 848 3576 et
860 3519 940 3591 200).
951 3515 1292 3576 D’aillenrsl’assemblee
1307 3518 1343 3576 de
1351 3522 1453 3590 Tours,
1581 3500 1582 3512 ἵ

404 3628 457 3689 par
470 3606 520 3686 qui
533 3606 562 3664 le
575 3605 619 3664 roi
631 3625 661 3664 se
676 3605 708 3664 fit
723 3604 880 3686 decharger
891 3605 931 3665 du
942 3619 1067 3666 serment
1080 3606 1116 3666 de
1128 3607 1269 3683 Peronne,
1281 3619 1310 3666 et
1321 3627 1373 3686 par
1383 3608 1455 3667 suite

404 3698 441 3759 de
454 3694 578 3775 laquelle
591 3695 619 3754 le
634 3692 688 3753 duc
703 3708 784 3771 reque
795 3714 852 3754 nne
869 3695 1044 3776 assignation
1057 3715 1093 3756 en
1107 3695 1276 3774 parlement,
1293 3695 1396 3754 dontil
1411 3698 1455 3754 in·

404 3785 557 3847 carcerale
568 3784 776 3863 por-tenuetur
787 3804 985 3846 uneannonce
997 3804 1075 3846 assez
1085 3788 1235 3848 manifeste
1246 3787 1297 3847 des
1306 3785 1453 3845 hostiliter.

404 3875 578 3950 Gommines,
589 3873 609 3934 l.
624 3877 679 3947 111,
694 3873 741 3933 ch.
757 3895 777 3936 1.

448 3973 477 4026 l.
502 3961 711 4023 comestabulas
724 3963 795 4023 dans
808 3964 837 4024 le
849 3984 904 4026 ms.

446 4061 477 4116 Ξ.
499 4059 577 4113 Dans
590 4071 635 4113 ses
649 4052 790 4112 chareaux
803 4053 840 4114 de
853 4057 928 4114 Ham
942 4066 970 4115 et
987 4053 1023 4115 de
1035 4055 1221 4116 Beaureroir.

450 4147 478 4207 ³.
500 4147 541 4203 Le
553 4145 590 4203 te
605 4139 756 4202 decembre
767 4144 856 4204 1⁴70.
