3384 5184
1323 533 1333 570 l

628 563 734 620 Lmen
754 563 956 624 SECUNDUS.
1266 563 1324 660 m

269 720 350 768 rum
371 695 507 794 specie,
526 695 608 796 plus
625 695 671 768 de
692 696 768 792 ejus
785 696 917 792 gratia,
935 695 1054 768 minus
1074 719 1159 768 vero
1183 697 1229 770 de
1250 699 1326 794 ejus

268 809 493 883 simulatione
520 825 555 882 et
577 809 662 882 dolo
672 811 849 909 suspicari
865 811 1139 910 permitteretur.
1156 810 1226 884 Sed
1250 836 1323 909 quo

268 925 305 998 id
329 940 448 1022 ageret
471 926 612 1017 animo,
638 951 819 1024 quamque
839 925 907 998 sub
922 924 1191 1042 hujuscqnodi,
1215 927 1324 1001 veluti

268 1065 428 1114 escarum
447 1041 551 1115 melle
572 1043 759 1128 illitarum,
785 1043 1030 1137 integumento
1046 1041 1248 1114 lethiferum
1274 1057 1324 1116 te·

267 1173 407 1255 geretur
439 1157 634 1256 lateretque
659 1183 857 1247 venenum,
892 1183 1012 1232 rerum
1048 1173 1215 1248 eventus,
1246 1185 1323 1258 quae

267 1274 375 1374 paulo
399 1289 481 1372 post
506 1274 702 1347 subsecutae
725 1287 856 1347 suntet
870 1300 934 1372 per
950 1299 1069 1372 regem
1086 1290 1208 1372 gestae,
1223 1278 1325 1350 omni

265 1390 494 1486 ambiguitate
510 1406 667 1485 semota,
687 1390 926 1463 declararunt.

315 1506 458 1605 Recepit
474 1508 593 1604 itaque
606 1529 628 1578 a
645 1529 727 1604 rege
740 1530 819 1603 quae
833 1519 919 1576 tunc
930 1507 1049 1605 petiit,
1066 1520 1138 1579 tam
1155 1531 1223 1606 pro
1237 1533 1325 1604 prae-

266 1623 338 1697 sato
366 1623 516 1696 domino
544 1623 692 1715 Cereio,
717 1624 808 1719 regis
828 1647 998 1719 germano
1011 1679 1021 1714 ,
1040 1647 1148 1720 quam
1174 1649 1242 1721 pro
1264 1651 1321 1714 se,

265 1765 385 1812 comes
402 1741 558 1813 illustris.
577 1744 758 1828 Quantum
775 1752 894 1811 autem
914 1765 980 1839 pro
1004 1739 1081 1812 aliis
1098 1740 1207 1836 egerit
1223 1741 1323 1838 prin·

265 1855 403 1955 cipibus
416 1855 598 1947 factionis,
612 1855 744 1953 quidve
756 1881 823 1953 pro
838 1855 971 1927 eisdem
982 1879 1004 1927 a
1016 1880 1099 1951 rege
1113 1852 1320 1948 obtinuerit,

265 1996 339 2044 non
357 1972 440 2044 satis
452 1985 677 2069 compertum
689 1971 903 2061 babuimus;
920 1972 987 2042 nisi
1000 1969 1101 2069 quod
1114 1970 1324 2067 generaliter

266 2086 452 2178 omnibus,
480 2102 552 2160 tam
575 2087 797 2186 principibus
815 2112 924 2184 quam
948 2087 1105 2160 vassallis
1120 2111 1268 2176 eorum,
1288 2101 1323 2158 et

264 2205 328 2302 qui
344 2205 394 2276 eis
417 2205 459 2276 in.
470 2204 719 2302 hujuscemodi
742 2205 1000 2276 insurrectione
1017 2203 1228 2292 servierant,
1247 2227 1324 2274 om·

265 2321 323 2392 nia
350 2320 473 2420 plene,
508 2334 684 2418 quantum
706 2333 809 2392 cartae
834 2317 1121 2416 membranaeque
1148 2318 1323 2390 sustinere

264 2451 434 2536 potuere,
463 2435 667 2508 condonata
693 2449 796 2524 sunt;
824 2449 859 2506 et
893 2434 1038 2531 singulis
1065 2433 1232 2531 utrinque
1259 2459 1323 2506 sua

265 2552 404 2643 omnia,
422 2576 499 2650 quae
516 2565 621 2651 capta
633 2574 708 2622 esse
725 2563 934 2648 potuerant,
950 2548 1187 2621 tumultuante
1203 2548 1324 2644 hujus·

265 2671 363 2743 modi
380 2670 574 2763 seditione,
591 2670 768 2760 restituta,
792 2668 1092 2764 sacramentisque
1115 2667 1322 2740 solemniter

262 2788 425 2888 praestitis
460 2785 546 2858 binc
576 2785 662 2857 inde
685 2784 782 2856 suere
805 2783 966 2876 firmata,
987 2784 1109 2855 omnia
1135 2807 1214 2879 quae
1234 2807 1321 2856 con-

261 2921 368 2978 venta
385 2920 493 3008 atque
514 2904 601 2976 hinc
618 2902 702 2974 inde
726 2901 892 3002 stipulata
906 2901 1051 2972 luissent
1068 2916 1103 2972 et
1118 2901 1318 2998 promissa,

262 3021 394 3094 debere
405 3034 579 3121 perpetuo
591 3017 914 3115 inviolabiliterque
926 3015 1070 3088 servari.
1086 3016 1193 3104 Quod
1208 3041 1322 3114 quan·

262 3137 384 3210 tamin
398 3137 524 3209 ellectu
544 3135 809 3208 exsecutionem
824 3149 859 3206 et
871 3132 1132 3206 observantiam
1141 3130 1319 3221 habuerit,

261 3255 446 3352 evestigio
470 3266 653 3326 ostensum
674 3267 748 3346 est,
769 3266 808 3323 ut
829 3249 1016 3350 paululum
1042 3263 1123 3349 post
1146 3248 1250 3322 latius
1266 3274 1321 3321 re·

260 3371 428 3445 feremus.

309 3486 431 3562 Sedet
448 3482 610 3558 debono
627 3483 793 3586 publico,
814 3482 881 3555 sub
895 3483 997 3578 cujus
1009 3481 1127 3582 specie
1144 3494 1178 3552 et
1194 3481 1318 3575 titulo,

261 3618 336 3677 tota
354 3603 430 3675 haec
453 3601 561 3674 factio
586 3614 750 3674 exortum
774 3599 968 3688 habuerat,
995 3597 1113 3669 nullus
1148 3612 1210 3670 aut
1237 3599 1322 3670 satis

258 3718 384 3791 sterilis
394 3733 429 3790 et
439 3717 680 3790 infructuosus
692 3741 809 3788 sermo
823 3715 967 3787 babitus
977 3729 1041 3786 est.
1054 3715 1320 3788 Tantummodo

260 3833 330 3906 hoc
354 3832 611 3926 intelleximus,
636 3833 780 3930 triginta
800 3857 860 3903 sex
880 3831 977 3902 viros
1005 3829 1203 3924 solemnes,
1229 3830 1320 3902 duo·
1358 3885 1361 3894 a

258 3949 375 4022 decim
394 3949 666 4039 ecclesiasticos,
688 3948 881 4021 duodecim
898 3971 941 4018 ex
958 3945 1164 4036 nobilitate,
1184 3961 1218 4019 et
1229 3947 1319 4019 duo-

260 4066 376 4138 decim
393 4089 436 4138 ex
453 4064 638 4138 communi
654 4079 690 4136 et
714 4063 871 4136 inferiori
887 4077 977 4135 statu
987 4067 1015 4157 ¹,
1042 4049 1319 4142 communitam

302 4317 330 4376 l.
352 4317 394 4373 La
407 4310 473 4372 liste
487 4309 524 4370 de
537 4329 586 4370 ces
599 4313 637 4372 36
652 4309 859 4372 commissaires
873 4322 915 4370 est
927 4307 1079 4389 imprimes
1092 4305 1163 4366 dans
1177 4304 1219 4365 les
1232 4305 1319 4366 suites
