3322 5172
374 562 431 618 att
647 556 904 616 fltstoumttutt
924 555 1103 612 LUDOVICI
1122 554 1165 611 xl

374 691 527 794 plurima
545 687 694 786 quidem
708 689 809 786 igne,
826 687 920 760 ferro
934 702 1041 788 atque
1053 685 1187 786 rapinis
1200 686 1434 787 populantes,

373 805 606 882 acivitatihus
617 803 725 878 etiam
736 809 922 877 Lausauna
934 819 968 876 et
980 803 1162 876 Gebennis
1175 827 1321 901 magnas
1332 827 1439 903 pecu·

376 924 517 996 niarum
539 945 698 996 summas
723 934 968 1012 extorserunt3
989 943 1077 1018 quas
1106 944 1190 992 cum
1209 945 1282 991 non
1306 943 1438 1018 usque-

373 1064 516 1138 quaque
532 1051 672 1139 paratas
690 1035 885 1129 haberent,
907 1061 974 1135 pro
992 1037 1042 1108 eis
1058 1033 1282 1108 exsolvendis
1303 1035 1352 1107 ad
1366 1050 1438 1109 sta·

375 1170 471 1229 tutos
494 1156 667 1228 terminos
694 1152 837 1226 obsides
861 1153 1059 1246 dederunt,
1078 1169 1114 1226 et
1134 1153 1183 1225 ita
1202 1178 1278 1225 sese
1307 1152 1353 1225 ab
1379 1151 1440 1226 illa

374 1271 591 1344 Suitensium
618 1269 797 1345 ferocitate
828 1284 863 1340 et
882 1268 1050 1368 periculis
1075 1267 1271 1366 majoribus
1297 1294 1439 1343 exeme-

375 1404 470 1461 runi.

422 1507 466 1576 Et
482 1503 643 1601 quamvis
669 1501 847 1601 principes
873 1514 910 1574 et
935 1514 1036 1574 terrae
1065 1499 1272 1593 Sabaudiae,
1300 1502 1441 1602 ipsique

272 1631 276 1640 ‘
374 1619 555 1692 Suitenses
565 1619 615 1690 eis
629 1615 789 1708 finitimi,
808 1616 918 1712 longo
935 1617 1090 1689 invicem
1105 1618 1140 1689 in
1154 1615 1287 1689 foedere
1306 1631 1340 1688 et
1355 1619 1443 1689 ami·

374 1734 457 1808 citia
472 1731 629 1833 copulati
643 1731 938 1831 permansissent,
954 1731 1003 1803 ita
1020 1745 1139 1804 tamen
1156 1745 1303 1830 repente
1315 1744 1351 1804 et
1373 1733 1442 1804 mi·

376 1851 473 1924 ninie
497 1849 569 1922 hoc
591 1849 750 1920 futurum
775 1847 1036 1946 suspicantibus
1061 1849 1205 1948 populis
1230 1848 1439 1945 Sabaudiae,

374 1968 554 2040 Suitenses
570 1965 636 2062 ipsi
664 1965 900 2036 inveteratum
925 1961 1043 2035 foedus
1069 1962 1303 2062 abruperunt.
1339 1967 1444 2063 Atqui

377 2104 423 2153 ne
440 2080 477 2150 in
495 2077 566 2149 hoc
582 2075 719 2176 perfide
737 2077 848 2172 egisse
866 2089 1097 2174 putarentur,
1123 2075 1223 2149 bunc
1239 2078 1328 2175 juris
1344 2077 1443 2152 colo·

378 2219 455 2268 rem
483 2189 729 2264 obtendebant
759 2219 768 2263 ε
798 2189 900 2289 quod
931 2190 1070 2264 ducissa
1103 2191 1306 2282 Sabaudiae,
1340 2215 1444 2267 soror

376 2313 594 2382 Francorum
616 2308 739 2404 regisl,
758 2307 897 2380 habens
914 2321 1062 2407 propter
1076 2306 1232 2380 liliorum
1255 2309 1443 2382 mlnorita-
1514 2365 1518 2376 .

378 2443 451 2500 tem
470 2424 716 2498 moderamina
733 2425 875 2524 patriae,
895 2425 994 2522 prior
1011 2423 1144 2497 foedera
1159 2423 1343 2509 violasset,
1364 2451 1444 2524 per·

380 2547 523 2618 mittens
548 2565 612 2641 per
637 2565 719 2614 suas
745 2555 858 2614 terras
889 2541 1038 2613 transire
1064 2543 1258 2615 nonnullas
1288 2540 1442 2616 militum

380 2661 550 2735 Italorum
563 2657 703 2757 copias,
719 2681 807 2755 quas
818 2656 865 2728 ad
881 2657 1064 2729 servitium
1079 2682 1185 2729 suum
1198 2657 1271 2730 dux
1281 2662 1443 2755 Burgun-

378 2780 447 2853 dite
463 2802 505 2850 ex
521 2775 618 2848 ltalia
635 2773 853 2867 adsciverat3
874 2773 973 2871 quod
990 2788 1116 2847 contra
1132 2774 1286 2874 capitula
1300 2773 1443 2850 soederis

380 2893 475 2982 esse,
495 2891 589 2966 etde
603 2889 815 2989 hocsaepius
829 2891 1114 2979 commonuisse,
1139 2915 1186 2962 ne
1202 2889 1349 2981 laceret,
1369 2891 1444 2965 aie-

380 3009 482 3082 bant.
497 3013 537 3081 ln
547 3032 621 3106 quo
635 3020 778 3078 rectene
790 3019 826 3078 et
837 3005 992 3079 veridice
1007 3020 1250 3100 causarentur,
1265 3027 1311 3078 an
1323 3009 1444 3107 potius

381 3119 455 3196 boc¹
479 3119 698 3196 mendaciter
721 3117 986 3217 confingerent,
1015 3143 1059 3191 ex
1088 3120 1174 3219 ipsis
1199 3121 1444 3194 instrumentis

382 3254 569 3340 pactomnr
593 3249 629 3308 et
654 3234 815 3326 loederis,
838 3235 939 3332 quod
964 3236 1057 3308 inter
1081 3259 1120 3308 se
1144 3233 1364 3330 habuerant,
1388 3237 1443 3310 di-

382 3353 504 3452 gnosci
517 3367 552 3425 et
564 3349 769 3448 dijudicari,
787 3351 815 3420 si
828 3350 908 3447 quis
919 3375 963 3423 ea
974 3351 1182 3450 inspiceret,
1197 3352 1298 3425 facile
1310 3367 1440 3452 posset.
1485 3387 1488 3394 ·

381 3469 474 3541 Nulli
490 3483 610 3540 tamen
635 3465 787 3538 dubium
808 3480 920 3540 exstat
941 3468 1028 3564 quin
1049 3481 1085 3541 et
1102 3469 1169 3567 ipsi
1185 3469 1363 3542 Suitenses
1380 3494 1443 3569 pa·

379 3587 450 3661 lam
479 3583 712 3686 profitentur,
740 3583 862 3683 quod’
877 3584 963 3658 odio
994 3585 1291 3683 Burgundionum
1316 3586 1440 3677 ducis,

378 3704 437 3779 cui
457 3717 491 3777 ct
507 3701 649 3775 ducissa
661 3699 866 3794 Sahaudiae,
881 3716 918 3775 et
928 3701 1031 3776 multi
1046 3701 1092 3775 de
1111 3700 1319 3801 proceribus
1342 3716 1443 3776 terrae

419 3946 446 4002 l.
470 3935 571 3999 C'etait
590 3933 722 4001 Yulanrle
746 3935 782 3998 de
798 3939 923 4015 Franco,
945 3955 1041 3998 veure
1056 3937 1095 3997 du
1117 3937 1176 4000 duc
1195 3937 1323 4000 Amidie
1344 3943 1387 4000 IX
1406 3939 1443 4002 de

374 4027 752 4180 ffillffitegsfmmm
765 4025 806 4086 du
820 4045 891 4106 pays
905 4047 981 4108 pour
994 4045 1040 4090 ses
1054 4029 1167 4089 eulants
1178 4029 1319 4108 minenrs,
1331 4051 1443 4092 comme

415 4213 445 4270 2.
469 4213 547 4268 Dans
560 4207 588 4266 le
603 4225 655 4265 ms.
673 4227 679 4264 :
694 4229 708 4258 α
725 4204 803 4264 Nulli
815 4206 1040 4268 tamendubium
1051 4221 1142 4269 exstat
1153 4206 1232 4289 quod
1245 4209 1441 4290 etipsi,etc...

375 4299 546 4378 profitentur
559 4295 630 4378 quin
643 4294 728 4370 odio,
743 4308 839 4355 eto...
859 4320 873 4348 n
