3402 5186
388 528 407 581 l
663 524 917 583 mstonttnttn
937 522 1114 581 LUDOVICI
1133 525 1177 580 xl

437 647 524 745 Quae
539 682 621 729 cum
638 656 688 727 ita'
702 654 779 728 fieri
794 679 958 754 proceres
976 656 1076 752 regni
1091 670 1344 753 agnoscerent,
1364 654 1447 728 sibi·

387 796 458 868 que
475 773 521 845 ad
538 772 765 844 renitendum
783 771 1074 845 obsistendumve
1089 772 1183 844 uires
1198 773 1345 844 minime
1362 799 1448 872 snp-

386 902 526 984 petere,
563 913 647 960 cum
673 903 748 959 tota
773 889 880 960 etiam
908 886 1137 986 stipendiaria
1169 859 1296 998 mtdtia
1322 889 1444 985 regni,

386 999 567 1101 ducesque
592 1015 628 1075 et
654 1003 810 1098 magistri
830 1002 984 1074 militum
1006 1001 1052 1073 ad
1075 1025 1210 1072 novum
1231 1025 1370 1096 regem,
1398 1001 1447 1074 oh

385 1117 459 1214 ejus
493 1120 641 1216 gratiam
675 1117 978 1216 promerendam,
1013 1118 1174 1189 certatim
1205 1116 1251 1188 de
1277 1117 1446 1190 omnibus

384 1235 484 1330 regni
500 1235 673 1333 partibus,
692 1234 796 1306 simul
813 1234 920 1306 etiam
937 1234 1052 1332 quiin
1070 1257 1181 1330 regno
1201 1231 1362 1306 ballivias
1384 1260 1444 1309 seu

385 1350 624 1448 praefecturas,
644 1350 868 1446 magistratus
883 1364 919 1422 et
935 1348 1099 1447 quaelibet
1113 1348 1231 1420 ollicia
1250 1349 1446 1422 tenuissent

384 1465 451 1538 snb
469 1465 637 1540 defuncto
655 1491 754 1563 rege,
780 1467 1007 1540 confluerent
1023 1465 1068 1538 ad
1088 1490 1172 1537 eum
1191 1479 1227 1536 et
1241 1465 1445 1537 catervatim

384 1599 630 1673 accurrerent,
650 1582 826 1657 siluerunt
843 1607 991 1674 omnes,
1013 1569 1118 1654 etiani
1138 1581 1265 1678 siqui,
1285 1579 1445 1653 obsecuti

383 1714 530 1796 perante
555 1701 665 1798 patris
689 1700 889 1788 voluntati,
920 1698 1087 1771 libentius
1112 1696 1280 1789 Carolunr
1302 1695 1446 1768 lratrem

378 1816 560 1912 juniorem
577 1838 687 1914 quam
705 1815 929 1887 Lndovicunt
950 1812 1131 1885 sublimari
1159 1815 1194 1885 in
1219 1837 1338 1908 regern
1364 1837 1445 1912 pro·

381 1935 585 2031 spesisscnt.
598 1934 730 2005 Videas
740 1933 876 2006 antemi
880 1957 941 2032 pse
952 1930 1246 2028 Burgundionum
1258 1931 1329 2002 dux
1338 1931 1445 2003 talem

382 2048 547 2119 omnium
584 2049 847 2145 regnicolarum
881 2073 1098 2120 concursum
1134 2045 1181 2119 ad
1216 2046 1444 2118 salutandum

381 2162 719 2262 suscipiendamque
742 2162 964 2237 Ludovicum
982 2166 1018 2236 in
1044 2189 1163 2262 regem
1185 2177 1445 2264 promptosque

382 2280 545 2351 omnium
563 2280 704 2352 animos
727 2295 763 2352 et
787 2280 930 2353 sedulos
954 2280 1000 2352 ad
1026 2282 1058 2352 ei
1082 2278 1281 2378 parendum
1305 2294 1340 2351 et
1359 2278 1444 2352 obc-

382 2391 555 2467 diendum
577 2393 648 2494 (ad
673 2420 781 2493 quem
807 2394 912 2493 legati
943 2409 978 2467 et
1007 2395 1273 2494 provinciarum
1297 2409 1332 2466 ct
1360 2396 1443 2472 insi·

380 2511 546 2608 gniornm
561 2537 875 2611 quarumcumque
888 2511 1071 2584 civitatum
1086 2512 1194 2583 totius
1210 2512 1323 2608 regni,
1340 2511 1441 2584 alteri

381 2628 509 2702 alteros
525 2632 719 2730 praevenire
742 2645 940 2719 certantes,
959 2629 1121 2728 qnotidie
1137 2630 1370 2728 veniebant),
1398 2631 1443 2702 de

381 2744 561 2820 voluntate
586 2763 621 2820 et
645 2773 823 2820 consensu
849 2747 1021 2820 Ludovici
1046 2745 1214 2818 mandata
1240 2743 1336 2846 prius
1360 2773 1379 2820 a
1405 2773 1443 2820 se

382 2862 507 2934 emissa
542 2864 750 2961 temperavit
779 2919 788 2951 ,
831 2876 1020 2934 contentus
1057 2862 1310 2936 tantummodo
1344 2879 1441 2936 certo

382 3000 547 3062 numero,
561 2979 738 3077 praecipue
755 2993 928 3050 terrarum
942 3002 1088 3049 suarum
1106 2977 1311 3064 nobilitatis,
1333 3003 1441 3077 quem

382 3091 428 3165 ad
445 3094 511 3166 tria
527 3109 588 3166 ant
603 3107 759 3190 quatuor
776 3093 884 3166 millia
900 3093 1083 3191 equitum,
1108 3091 1154 3164 ad
1168 3119 1286 3192 regem
1304 3119 1441 3166 novum

382 3207 635 3283 honorandum
653 3223 760 3308 atque
776 3210 1005 3302 sociandum,
1024 3209 1177 3309 collegit.

750 3555 1003 3626 ctPtTuLutt
1029 3557 1072 3625 ll.

382 3756 422 3808 De
433 3752 576 3808 inimicitiis
585 3767 611 3808 et
621 3754 686 3808 odio
695 3755 757 3808 novi
769 3755 836 3826 regis
846 3753 882 3808 ad
893 3755 1024 3826 quosdam
1034 3755 1115 3812 duces
1125 3770 1262 3831 paternos,
1271 3770 1296 3810 et
1312 3755 1442 3828 exsequiis

423 3833 492 3910 patri
503 3833 629 3888 defuncto
640 3835 714 3889 lactis
726 3855 742 3888 a
754 3855 795 3903 ee,
809 3849 834 3890 et
845 3855 976 3890 concursu
987 3838 1060 3892 vario
1073 3839 1264 3909 regnicolarum
1280 3835 1315 3890 ad
1327 3855 1399 3890 eum.

366 4001 395 4052 ⁸
429 4041 520 4110 Cum
553 4035 672 4130 itaque
701 4032 746 4106 ad
778 4059 815 4105 se
842 4057 1056 4106 concurrere
1084 4060 1210 4108 omnes
1242 4035 1440 4133 regnicolas

381 4155 456 4254 ipse
473 4151 675 4224 Ludovicus
694 4165 923 4245 agnosceret,
954 4150 1091 4248 sibique
1116 4151 1225 4224 duces
1246 4161 1288 4224 a'c
1311 4151 1440 4224 milites

380 4287 548 4372 paternos
560 4293 598 4344 se
614 4267 802 4341 ostendere
813 4268 977 4362 devotos,
993 4283 1029 4341 et
1040 4293 1104 4367 per
1116 4268 1187 4342 lroc
1203 4269 1386 4342 neminem
1401 4291 1439 4342 se
