3272 5182
378 565 436 624 222
651 559 909 620 atsromauttm
929 558 1106 615 LUDOVICI
1125 557 1169 614 xt

380 725 444 797 gus
460 697 547 770 illud
560 693 739 795 pertidum
753 709 789 766 et
803 691 992 792 procellosi
1008 691 1114 763 maris
1126 689 1294 762 fluctibus
1306 691 1442 765 mobile

358 814 512 912 magis,
541 837 691 909 reguum
718 809 874 893 Eduardi
899 833 1029 904 quem,
1048 807 1204 879 Henrico
1221 806 1376 903 dejecto,
1402 809 1441 880 in

381 956 499 1028 regem
515 931 739 1014 sublimarat,
754 928 826 1024 jam
840 924 1056 1016 fastidiebat;
1073 923 1165 998 etad
1179 925 1440 996 restituendum

380 1049 589 1139 Henricum‚
618 1071 726 1143 quem
751 1058 824 1116 tam
849 1043 1013 1140 nequiter
1033 1056 1068 1112 et
1084 1041 1255 1137 injuriose
1271 1040 1441 1114 deturba·

381 1181 462 1236 rant
477 1190 588 1260 regno
605 1177 639 1232 et
653 1160 876 1258 expulerant,
893 1159 1131 1257 plurimorum
1144 1158 1350 1230 affectiones
1365 1159 1444 1229 vol·

382 1280 556 1352 vehantur
572 1307 581 1350 ε
596 1280 649 1350 -ita
664 1276 762 1373 quod
774 1332 782 1365 ‚
796 1275 928 1371 junctis
944 1276 980 1345 iu
999 1299 1113 1345 unum
1131 1275 1314 1372 utriusque
1330 1273 1443 1372 partis

381 1395 599 1468 amatoribus
611 1395 654 1466 ⁴et
672 1393 856 1482 studiosis,
876 1391 1019 1462 Henrici
1036 1391 1167 1462 scilicet
1185 1393 1276 1488 regis
1290 1404 1325 1462 et
1338 1395 1443 1461 War-

380 1509 467 1600 vici‚
489 1508 646 1580 Edoardi
670 1523 786 1606 partes
804 1507 841 1576 in
857 1505 1041 1577 communi
1061 1504 1169 1600 vulgo
1186 1505 1318 1601 Angliae
1333 1504 1442 1602 longe

382 1624 566 1696 inferiores
581 1625 708 1723 procul
725 1623 838 1696 dubio
858 1622 1105 1694 remanebant.

432 1743 477 1810 Ut
493 1741 599 1836 igitur
616 1740 661 1811 ad
676 1739 713 1830 id
727 1741 844 1837 ipsum
858 1762 1007 1834 maguus
1020 1737 1078 1808 ille
1092 1736 1306 1836 proditionis
1317 1737 1444 1810 artilex

384 1855 553 1926 Wurviclr
573 1857 758 1953 pervenire
774 1854 926 1946 valeret,
947 1854 1055 1926 suasit
1073 1857 1291 1926 Francorum
1309 1853 1384 1949 regi
1403 1868 1444 1925 ut

381 1993 458 2041 sese.
479 1971 708 2068 interponere
727 1969 831 2040 vellet
853 1968 1130 2064 mediatorisque
1150 1982 1267 2067 partes
1284 1992 1445 2040 assume-

382 2097 437 2156 ret
457 2085 504 2155 ad
522 2086 694 2156 amicitias
719 2083 1000 2158 reconciliandas
1018 2086 1110 2156 inter
1126 2085 1287 2180 reginam
1307 2087 1440 2177 Marga-

338 2183 343 2190 ’
382 2215 514 2289 retam,
534 2201 678 2272 Henrici
697 2202 786 2297 regis
804 2226 973 2290 uxorem,
990 2201 1286 2299 Eduardumque,
1302 2225 1445 2274 eorum·

382 2317 465 2390 dem
484 2319 627 2390 ilenrici
644 2333 678 2390 et
695 2323 896 2415 Margaretae
914 2318 1044 2407 fitium,
1060 2319 1134 2415 jam
1148 2318 1336 2416 puberem,
1356 2331 1444 2390 etse

382 2437 499 2533 ipsum
520 2463 528 2505 :
549 2436 760 2534 promittens
780 2435 897 2507 eidem
922 2438 1145 2528 Margaretae,
1165 2435 1194 2506 si
1211 2459 1337 2506 omnes
1356 2457 1442 2533 prae·

382 2555 502 2626 teritas
527 2555 673 2651 injurias
698 2552 860 2625 oblivisci
887 2567 923 2624 et
949 2551 1158 2624 condonare
1183 2553 1307 2642 vellet,
1336 2567 1443 2647 atque

383 2671 524 2768 penitus
551 2670 733 2742 exanimo
758 2667 922 2760 abolere,
951 2668 1128 2740 iacturum
1152 2693 1189 2739 se
1210 2693 1292 2740 curn
1310 2666 1442 2738 auxilio

383 2787 473 2882 regis
496 2791 717 2858 Francorum
739 2800 777 2856 ut
794 2786 830 2856 in
850 2784 948 2858 brevi
967 2786 1140 2857 Henricus
1161 2809 1241 2874 rex,
1259 2787 1315 2856 vir
1339 2808 1440 2871 suus,

382 2925 402 2972 e
417 2901 579 2973 custodia
594 2915 628 2972 et
644 2925 785 2973 carcere
801 2901 1044 2972 restitueretur
1061 2901 1097 2972 in
1117 2925 1281 2996 reguum,
1298 2915 1334 2970 et
1348 2898 1442 2970 libe-

382 3020 456 3089 rius
487 3005 598 3115 quam
626 3041 785 3113 unquam
821 3040 933 3110 regno
964 3041 1029 3088 suo
1058 3017 1217 3115 plenarie
1250 3015 1439 3113 potiretur.

358 3224 361 3237 .
382 3135 452 3231 lpsi
479 3149 598 3205 autem
623 3137 842 3203 Francorum
866 3133 961 3227 regi,
985 3133 1136 3228 quinon
1157 3131 1285 3230 impari
1301 3130 1385 3201 odio
1400 3151 1442 3200 ac

383 3250 458 3346 ipse
482 3249 628 3320 effectus
651 3247 744 3320 soret
766 3246 812 3318 ad
839 3247 1119 3344 opprimendum
1145 3247 1443 3345 Burgundionum

383 3363 512 3435 ducem
545 3363 685 3460 sibique
713 3362 951 3454 adhaerentes,
986 3364 1224 3463 pollicebatur
1255 3363 1301 3435 de
1334 3362 1443 3433 totius

383 3481 492 3574 regis¹
509 3478 639 3575 angliae
656 3481 814 3579 patentia
831 3493 867 3551 et
881 3482 1014 3552 uiribus
1032 3481 1162 3554 auxilio
1180 3481 1376 3552 affuturum
1397 3477 1443 3551 ad

383 3595 577 3668 dolendum
603 3621 747 3694 prorsus
769 3613 803 3668 et
829 3598 1262 3696 exstinguendum'ipsum
1282 3603 1443 3692 Burgun-

383 3711 534 3782 dionum
550 3713 695 3804 ducem,
715 3711 874 3810 aliosque
892 3739 984 3812 quos
1000 3740 1126 3786 exosos
1142 3713 1305 3788 baberet.

425 3958 453 4015 i.
479 3955 613 4036 Corrigea
629 3962 716 4032 regni.
