3282 5168
586 553 695 611 LIBER
723 553 886 612 TERTIUS.
1148 565 1152 572 '
1208 551 1262 608 281

214 709 295 758 suas
310 683 460 758 restituit
472 698 508 756 et
523 687 651 758 reverti
662 685 879 783 procuravit,
896 683 980 756 licet
997 683 1139 756 easdem
1153 707 1174 756 a
1186 707 1267 780 rege
1336 666 1338 670 ⁵

215 800 251 870 in
274 814 503 896 augmentum
528 823 599 870 suae
622 798 797 898 portionis
825 797 924 870 dono
952 798 1157 896 accepisset.
1186 801 1268 871 llaec

215 929 333 986 autem
352 914 466 986 lacere
480 928 624 1013 putatus
639 928 705 1007 est,
717 927 903 1012 propterea
922 912 1021 1015 quod
1035 912 1133 985 idem
1147 937 1268 985 comes

218 1028 407 1101 arminiaci
424 1030 477 1101 vir
490 1030 689 1121 animosus,
706 1044 741 1102 et
754 1030 790 1100 in
806 1028 912 1101 rebus
925 1027 1060 1101 bellicis
1073 1028 1191 1100 valere
1207 1028 1269 1099 ali·

216 1145 303 1243 quid
315 1145 559 1218 estimaretur.
574 1149 628 1218 De
644 1169 717 1243 quo
736 1146 823 1243 quia
835 1144 967 1243 aliquid
986 1145 1032 1218 de
1048 1169 1092 1217 eo
1106 1144 1250 1218 dicendi
1260 1147 1282 1206 ¹.

217 1283 314 1330 nnnc
329 1284 367 1331 se
384 1261 632 1357 opportunitas
649 1259 797 1349 obtulit,
816 1260 972 1332 narratio
988 1259 1180 1356 aliquando
1194 1258 1269 1358 ple·

217 1375 298 1446 nior
314 1373 480 1448 habenda
493 1391 558 1449 est.

267 1493 395 1562 Comes
410 1491 508 1563 enim
532 1493 612 1580 iste,
633 1490 678 1563 de
695 1505 812 1564 vetere
836 1491 1002 1591 prosapia
1025 1505 1060 1563 et
1079 1490 1195 1563 nobili
1220 1491 1271 1564 fa·

218 1605 316 1676 milia
331 1608 504 1680 comitum
528 1606 716 1679 arminiaci
732 1606 1009 1706 appellatorum,
1028 1608 1065 1678 in
1081 1608 1193 1681 domo
1216 1633 1271 1680 re·

218 1723 270 1819 gis
282 1723 407 1794 -Caroli
427 1727 507 1812 Vll,
525 1722 749 1813 adolescens,
768 1723 909 1795 vivente
927 1736 1046 1822 patre,
1065 1724 1220 1795 nutritus
1238 1743 1273 1796 ct

112 1841 117 1848 '
218 1836 389 1911 educatus
407 1836 501 1910 fuit'.
519 1837 628 1934 Cujus
645 1861 807 1910 sororem
826 1851 1010 1936 acceperat
1026 1839 1063 1909 in
1084 1838 1273 1935 conjugem

220 1951 292 2025 dux
310 1952 521 2026 llenconfl'.
534 1955 676 2026 Mortuo
693 1969 813 2025 autem
829 1966 928 2052 patre
944 1956 1044 2048 suol,
1056 1977 1141 2026 cum
1158 1969 1274 2052 pater·

221 2093 304 2142 nam
327 2069 471 2142 adiisset
492 2083 688 2167 nactusque
705 2085 795 2142 esset
815 2068 1076 2170 haereditatem,
1096 2070 1201 2142 aliam
1217 2095 1274 2142 so·

220 2209 338 2258 rorem
351 2185 533 2281 juniorem
550 2187 742 2285 innuptam
763 2187 936 2258 incestare
950 2189 1203 2286 presumpsit‘.
1223 2191 1273 2258 Er

221 2325 294 2399 quo
312 2301 413 2398 prole
428 2315 603 2400 suscepta,
616 2326 713 2390 cum,
726 2317 805 2374 tum
818 2327 860 2374 es
874 2302 987 2399 stupri
998 2295 1271 2396 consuetudin'e,

221 2431 299 2490 tum
330 2415 563 2489 muliebribus
589 2417 825 2490 delinimentis
852 2431 960 2515 atque
990 2417 1173 2490 blanditiis
1196 2441 1275 2490 eam
1325 2435 1327 2442 ’

221 2529 358 2632 perdite
368 2530 564 2616 adamaret,
577 2531 685 2603 etiarn
696 2556 779 2603 cum
792 2555 834 2603 ea
845 2531 891 2604 de
901 2530 995 2604 lacto
1009 2532 1276 2604 matrimonium

222 2646 410 2720 contraxit.
436 2649 524 2734 Quae
549 2671 606 2718 res
632 2646 699 2719 sibi
730 2663 764 2720 et
790 2646 840 2718 illi
864 2647 977 2720 nobili
1005 2647 1144 2720 samitiae
1171 2661 1278 2743 atque
1330 2653 1333 2660 ’

223 2766 367 2854 domui,
387 2762 483 2835 unde
500 2763 654 2864 ducebat
675 2764 861 2860 originem,
887 2762 1065 2835 maculam
1086 2761 1189 2836 valde
1215 2761 1277 2834 foe·

224 2881 308 2954 dam
324 2895 431 2978 atque
446 2902 589 2975 gravem
605 2879 789 2952 infamiam
805 2877 1021 2976 importavit.

273 2995 381 3085 Quod
408 3020 491 3067 cum
513 3009 708 3092 utcumque
725 3008 872 3093 cuperet
892 2990 1054 3085 abolere,
1081 3005 1116 3064 ct
1139 2989 1280 3066 efficere

226 3128 266 3186 ut
295 3111 400 3184 licite.
415 3135 494 3185 eam
524 3111 591 3183 sibi
619 3113 769 3184 retinere
788 3110 928 3200 liceret,
954 3133 1064 3207 quam
1088 3110 1138 3182 sic
1154 3122 1280 3182 contra

226 3227 413 3300 interdicta
433 3227 545 3299 divini
568 3241 603 3298 et
623 3227 775 3299 humani
794 3226 884 3323 juris
908 3225 975 3298 sibi
1001 3225 1197 3323 copularat,
1224 3250 1281 3296 su·

226 3369 291 3444 per
311 3342 560 3440 hujuscemodi
584 3357 659 3414 tam
686 3343 857 3441 proximae
879 3340 1193 3437 consanguinitatis
1217 3340 1283 3411 im·

267 3563 297 3618 l.
320 3559 477 3617 Dicendum
492 3556 563 3616 dans
576 3556 604 3616 le
617 3575 672 3616 ms.

266 3651 295 3707 Ξ.
318 3647 423 3708 Iletait
434 3646 479 3705 fils
491 3645 529 3706 de
541 3649 613 3706 Jean
630 3644 822 3724 d'Annaguae
837 3655 866 3702 et
878 3641 1013 3722 petit-fils
1024 3639 1061 3700 de
1081 3641 1156 3701 celui
1171 3659 1229 3722 que
1242 3641 1285 3700 les

227 3737 404 3799 Cabochiens
416 3735 623 3796 massacrlrent
637 3735 653 3792 a
666 3731 745 3792 Paris
757 3751 794 3791 en
811 3735 899 3792 1618.

269 3833 297 3886 3.
320 3825 411 3888 Mario
429 3823 638 3903 d’Armaguac,
655 3819 762 3881 marica
783 3838 820 3878 en
841 3822 917 3880 1⁴37
935 3839 973 3878 au
990 3818 1047 3879 duc
1068 3823 1141 3880 Jeau
1162 3815 1283 3916 d’Alen-

230 3935 299 4064 imi]
321 4006 493 4063 Vereuso.

271 4099 300 4155 a.
322 4095 386 4153 Elle
402 4093 553 4173 s‘appelait
575 4091 706 4152 isabella.
729 4090 826 4166 Curita
845 4109 919 4150 nous
940 4086 1071 4169 appreud
1096 4085 1203 4165 qu'elle
1228 4084 1285 4144 alla

231 4202 267 4240 en
287 4184 364 4240 146⁰
383 4200 414 4240 se
431 4181 501 4240 faire
519 4179 673 4261 religieuse
691 4199 729 4239 au
745 4191 870 4239 convent
888 4180 924 4240 de
941 4177 1129 4250 Mont-Sion,
1149 4178 1285 4237 ttame-

231 4270 307 4330 lone.
324 4275 430 4330 Artales
443 4273 480 4328 de
494 4274 524 4328 la
537 4290 637 4328 camna
650 4272 687 4327 de
698 4273 825 4348 Aragnn,
841 4268 861 4330 l.
880 4271 959 4341 XVI,
975 4287 1001 4327 c.
1019 4287 1099 4326 narr.
1177 4273 1180 4280 “
