3282 5168
661 289 696 337 ψ

515 671 517 676 Α
597 585 707 643 mnan
728 586 910 658 Qttaltws.
1226 589 1282 647 aas

274 723 301 792 Α
318 743 393 818 quo
409 718 540 792 auxilia
555 716 755 815 postulans,
776 743 884 816 quem
901 733 1109 815 agnosceret
1125 735 1160 792 et
1176 721 1284 793 armis

225 849 424 935 potentem,
442 850 478 907 et
489 833 689 906 Germaniae
704 834 848 933 populis
864 833 1023 908 finitimis
1038 834 1285 908 dominiorum

225 975 373 1024 suorum
387 975 461 1032 non
479 974 607 1049 parum
622 949 805 1021 formidini
822 964 928 1047 atque
945 951 1072 1023 terrori
1090 974 1179 1042 esse,
1200 951 1284 1025 faci·

225 1066 297 1139 lem
319 1093 401 1140 eum
422 1067 469 1140 ad
486 1066 557 1138 hoe
577 1080 685 1164 atque
708 1067 905 1166 propitium
930 1066 1079 1139 invenit.
1103 1067 1285 1141 Promisit·

225 1208 296 1284 que
312 1181 426 1255 eidem
445 1208 482 1256 se
507 1181 638 1255 auxilio
653 1181 733 1272 sibi,
750 1207 834 1254 curn
848 1183 1006 1279 primum
1020 1196 1153 1282 posset,
1170 1196 1285 1258 trans·

225 1314 304 1373 acta
320 1299 451 1389 hieme,
483 1298 704 1372 adfuturum.
725 1301 793 1370 Pro
810 1303 977 1371 suorum¹
996 1313 1116 1371 autem
1139 1297 1286 1397 praemio

187 1451 192 1467 =
226 1413 495 1513 subeundaeque
512 1413 619 1510 hujus
639 1414 690 1485 rei
713 1416 822 1511 gratia
839 1415 1028 1514 impensae,
1046 1414 1200 1488 ecclesiae
1219 1418 1288 1488 Co·

227 1531 397 1610 loniensis
409 1529 625 1602 advocatum
637 1530 807 1602 eumdem
820 1530 950 1604 ducem
962 1556 1118 1631 suosque
1130 1533 1289 1607 haercdes

228 1647 324 1722 idem
340 1646 641 1746 archiepiscopus,
659 1657 696 1718 nt
720 1645 875 1738 aiebant,
900 1647 1076 1720 effecerat.
1093 1653 1160 1722 Per
1179 1673 1288 1747 quam

227 1765 517 1855 advocationem,
537 1765 783 1838 auctoritatem
797 1763 1046 1856 etdominium
1059 1789 1165 1836 sunm
1181 1765 1288 1838 etiam

228 1883 274 1956 ad
289 1897 402 1955 terras
417 1881 571 1954 ecclesiae
584 1880 806 1954 Coloniensis
823 1869 1113 1981 propagare'ipse
1129 1882 1202 1955 dux
1217 1907 1290 1980 ges-

228 1999 355 2092 tiebat,
381 1994 691 2096 quemadmodum
712 1997 821 2096 paulo
839 1999 922 2069 ante
941 1996 1107 2070 effecerat
1125 1995 1171 2069 de
1187 1997 1289 2070 terris

228 2117 383 2191 ecciesiae
411 2114 628 2186 Leodiensis.
873 2125 876 2131 “

278 2231 493 2331 Compositis
509 2231 628 2328 itaque
644 2228 718 2302 dux
736 2230 811 2330 ipse
828 2229 936 2302 rebus
949 2229 1038 2323 suis,
1059 2229 1185 2302 tamin
1203 2235 1289 2302 Bnr·

229 2349 362 2450 gundia
390 2371 500 2445 quam
537 2349 574 2419 in
596 2346 753 2443 alsatia,
783 2348 821 2420 in
846 2372 912 2420 suo
938 2347 1110 2420 comitatu
1137 2347 1287 2440 Ferrcti,

225 2469 300 2566 jam
316 2478 461 2565 tepente
476 2487 581 2553 vere,
605 2486 727 2535 mense
748 2463 895 2556 martio,
915 2461 1098 2562 repedavit
1116 2488 1200 2536 curn
1218 2462 1291 2536 suis

230 2582 341 2682 copiis
366 2605 431 2680 per
459 2570 610 2652 eosdem
627 2578 750 2671 calles,
779 2578 911 2675 quibus
933 2579 994 2651 illo
1014 2578 1196 2678 profectus
1218 2578 1292 2654 fue·

216 2711 296 2790 rat,
315 2698 352 2768 in
372 2713 503 2770 terram
521 2719 621 2771 suam
644 2693 1007 2791 Lnxemburgensem.
1029 2695 1135 2793 Atqui
1155 2694 1290 2794 inipso

230 2842 330 2916 paene
357 2816 411 2888 sni
443 2816 577 2889 reditus
614 2829 649 2886 et
675 2813 885 2886 reversionis
918 2812 1067 2902 limine,
1099 2810 1204 2908 longe
1231 2834 1291 2882 se-

231 2958 293 3006 cus
318 2956 427 3030 quam
456 2943 680 3031 speraverat,
709 2953 764 3000 res
790 2951 902 3001 novas
934 2925 1068 2999 subditi
1102 2925 1292 2998 comitatus

230 3049 284 3121 sui
312 3049 526 3121 Ferrctensis
547 3059 674 3120 eontra
695 3056 791 3115 sect
815 3043 1008 3142 imperium
1040 3066 1146 3114 snum
1176 3037 1291 3111 moliti

231 3176 327 3235 sunt.

263 3275 486 3370 ¹Dimiserat,
504 3278 556 3350 uti
574 3276 746 3368 diximus,
766 3273 813 3348 ad
829 3272 1174 3346 administrationem
1191 3271 1293 3368 ejus-

231 3398 315 3471 dem
334 3398 522 3470 comitatus
538 3393 639 3466 illu'm
653 3391 903 3484 Hachenbaclt,
926 3389 992 3462 sibi
1014 3387 1166 3461 multum
1183 3387 1293 3461 dilec-

231 3530 320 3588 tum.
336 3515 407 3604 Qui
422 3513 535 3586 homo
548 3510 710 3604 stolidus,
728 3510 824 3582 ferus
835 3522 942 3606 atque
954 3506 1106 3578 nimium
1119 3505 1291 3598 insolens,

230 3634 268 3704 in
284 3645 426 3703 tantum
445 3643 624 3702 tumorem
647 3624 823 3725 superbiae
840 3637 946 3720 atque
962 3609 1174 3719 arrogantiae
1191 3644 1295 3694 evec-

232 3727 400 3839 tus'era't,
425 3759 485 3832 ut,
504 3768 580 3814 non
596 3741 709 3814 modo
732 3739 883 3811 subditis
899 3737 1059 3834 ejusdem
1081 3737 1291 3827 comitatus,

231 3863 293 3935 scd
328 3878 364 3936 et
401 3841 716 3958 argentinensibus
746 3870 782 3928 et
812 3853 1060 3927 Basiliensibus
1088 3851 1294 3948 caeterisque

232 3978 390 4051 finitimis
420 3975 565 4076 populis
589 3989 623 4047 et
642 3972 827 4079 potissime
848 3969 1094 4056 Suitcnsibus,
1119 3971 1182 4065 qui
1207 3965 1294 4038 olim

231 4093 381 4192 Helvetii
413 4087 734 4189 nuncupabantur,
759 4085 864 4158 valde
900 4083 1113 4184 redderetur
1150 4103 1292 4175 exosus.

274 4332 302 4385 t.
326 4327 422 4386 etune
437 4347 495 4384 suo.
