3272 5182
583 535 694 594 xum
724 535 927 616 socunous.
1176 577 1181 590 .
1230 539 1285 596 τοι
1355 567 1368 623 ,1

223 693 285 744 rex
302 666 434 740 scilicet
451 681 557 765 atque
574 666 665 762 dux,
684 669 937 767 perstitissent,
956 673 1185 771 eruptionem
1201 697 1290 746 noc,

223 797 368 858 turuam
384 784 447 882 qui
464 785 559 856 intus
576 798 692 878 crant,
714 809 846 884 magno
863 787 947 860 satis
965 789 1088 860 animo
1106 787 1291 888 prudenti-

223 924 295 998 que
311 899 480 990 consilio,
499 900 656 997 cogitare
675 916 783 999 atque
798 903 944 1002 aggredi
961 906 1037 1001 ausi
1052 919 1150 977 sunt.
1170 910 1290 993 Quam

224 1016 387 1116 proiecto
416 1017 445 1088 si
474 1032 546 1090 tam
572 1018 773 1110 efficaciter,
803 1021 854 1094 uti
877 1037 1051 1122 copcepta
1075 1037 1111 1094 et
1137 1023 1230 1095 inter
1252 1049 1291 1098 se

224 1133 392 1234 condicta
405 1133 533 1228 fuerat,
548 1131 766 1210 exsecutioni
778 1137 999 1211 demandare
1017 1155 1211 1233 curassent,
1228 1166 1291 1214 eos

171 1285 173 1290 ·
224 1271 247 1322 a
269 1263 369 1320 metu
395 1274 468 1347 quo
491 1250 760 1350 premebantur,
783 1266 819 1324 et
841 1254 948 1326 minis
973 1269 1045 1327 tam
1069 1255 1161 1351 regis
1182 1280 1291 1352 quam

226 1365 524 1472 Burgundionum
538 1366 653 1462 ducis,
672 1393 818 1440 securos
828 1369 981 1442 reddere
994 1372 1180 1471 potuisset.
1201 1376 1293 1445 Con·

225 1481 389 1555 dixerant
404 1482 502 1554 enim
518 1484 612 1557 inter
628 1510 667 1556 se
678 1486 818 1557 circiter
836 1501 992 1584 quatuor
1008 1489 1120 1562 millia
1130 1489 1291 1561 virorum

225 1623 268 1672 ex
280 1597 431 1692 civibus,
449 1600 486 1670 in
498 1600 655 1673 tenebris
668 1615 703 1673 et
713 1601 840 1674 mediae
852 1601 993 1673 silentio
1004 1604 1133 1697 noctis,
1149 1605 1293 1702 eportis

226 1729 261 1788 at
274 1713 370 1787 vallo
385 1715 536 1788 civitatis
553 1741 754 1816 erumpere,
769 1717 834 1790 ubi
847 1717 963 1791 nullas
977 1733 1038 1790 aut
1052 1743 1148 1791 raras
1163 1721 1293 1793 sentic-

225 1831 315 1906 bant
329 1831 489 1905 hostium
503 1833 684 1907 custodias
699 1860 792 1927 esse,
811 1851 847 1908 ct
861 1860 927 1934 per
939 1835 1062 1908 vineas
1076 1850 1111 1908 et
1127 1835 1292 1934 quaedam

226 1927 322 2021 invia
341 1949 424 2023 satis
446 1973 571 2049 aspera
593 1949 672 2023 loca
688 1950 755 2023 sibi
775 1967 879 2039 nota,
902 1950 1067 2024 hostibus
1084 1977 1170 2023 vero
1192 1953 1293 2026 inco-

163 2153 166 2160 .
227 2065 337 2162 gnita,
356 2064 403 2137 ad
420 2063 501 2137 loca
514 2091 627 2165 usque
640 2067 933 2140 suburbanorum
947 2082 1147 2168 penetrare,
1163 2069 1199 2140 in
1213 2069 1294 2168 qui·

131 2198 139 2215 ¹
225 2179 296 2253 bus
328 2204 448 2277 regem
473 2196 580 2283 atquc
608 2168 740 2256 ducem
764 2184 926 2260 sciebant
948 2184 1158 2258 collocatos.
1186 2189 1231 2263 Et
1254 2185 1293 2262 id

226 2294 377 2395 quidem
403 2313 553 2394 egerunt
580 2325 623 2372 ex
652 2301 737 2398 ipsis
761 2301 900 2373 circiter
926 2300 1178 2400 quadringenti
1204 2303 1291 2397 viri,

161 2431 165 2444 ’
227 2413 467 2487 existimantes
489 2414 536 2488 ad
558 2415 681 2488 locum
706 2440 781 2515 quo
800 2414 972 2515 hospitati
998 2417 1083 2489 dicti
1113 2419 1295 2520 principes

227 2545 348 2622 erant,
373 2555 438 2630 per
458 2533 578 2605 varios
596 2532 714 2605 aditus
734 2547 842 2631 atque
859 2534 989 2606 limites
1007 2532 1055 2606 ad
1075 2533 1222 2630 horam,
1242 2537 1295 2608 uti
1372 2571 1377 2580 ⁴

227 2645 436 2721 condictum
467 2648 600 2741 suerat,
626 2647 760 2721 debere
788 2662 933 2722 caeteros
961 2674 1191 2725 concurrere.
1224 2654 1296 2742 Qui

226 2763 403 2838 indicium
419 2766 589 2840 nocturni
605 2765 856 2838 excubitorum
870 2765 971 2839 verbi
990 2749 1139 2856 scientes
1158 2769 1297 2868 (ipsum

227 2881 325 2954 enim
347 2881 475 2954 callide
490 2907 556 2983 per
572 2897 689 2955 certos
709 2881 954 2981 exploratores
974 2883 1207 2990 didicerant),
1234 2884 1295 2960 iilo

228 2996 365 3071 indicio
380 2999 506 3098 adjuti,
527 2999 743 3072 transmissis
760 2999 947 3072 nocturnis
963 2998 1148 3092 custodiis,
1168 3002 1215 3075 ad
1231 3001 1297 3075 do-

229 3139 310 3187 mos
323 3141 437 3222 usque
454 3117 545 3214 regis
561 3131 597 3190 et
612 3115 715 3188 ducis
731 3131 979 3215 penetrarunt.
1000 3121 1041 3188 In
1058 3117 1190 3216 quibus
1206 3142 1296 3190 non·

229 3232 349 3306 nullos
371 3234 417 3307 de
437 3235 624 3333 utriusque
645 3233 869 3333 principibus
890 3233 1158 3308 excubitoribus
1182 3259 1296 3337 prope

230 3349 426 3444 coenacula,
446 3351 483 3422 iu
501 3349 633 3448 quibus
650 3349 885 3442 accubabant,
907 3350 1131 3424 occiderunt.

282 3462 334 3537 td
356 3491 465 3564 quem
485 3465 683 3540 tumultum
702 3480 948 3558 accurrentes,
974 3468 1036 3565 qui
1057 3466 1194 3565 vigilias
1215 3491 1298 3564 agc-

230 3582 333 3672 bant,
349 3584 396 3655 de
407 3583 638 3682 stipatoribus
651 3596 686 3654 et
703 3584 865 3682 corporis
880 3583 1105 3675 custodibus,
1120 3599 1195 3657 tarn
1208 3584 1300 3682 regis

232 3725 343 3800 quam
352 3700 466 3791 ducis,
477 3699 906 3800 ipsosprincipesacaedis
916 3699 1075 3798 periculo
1085 3700 1298 3774 liberarunt?

233 3819 327 3912 Qui,
353 3816 481 3918 procul
504 3817 640 3911 dubio,
662 3817 731 3889 nisi
756 3830 895 3890 mature
917 3817 962 3890 ad
986 3816 1174 3890 serendum
1200 3817 1301 3890 auxi-

234 3935 323 4007 lium
339 3935 583 4024 advolassent,
604 3933 838 4008 verisimiliter
854 3934 1029 4033 perempti
1048 3933 1215 4026 fuissent,
1237 3931 1302 4004 sed

236 4077 319 4124 cum
338 4051 495 4123 clamore
512 4052 648 4146 ingenti
664 4051 786 4141 exciti,
806 4051 915 4122 armis
932 4050 1004 4122 suis
1021 4049 1201 4140 instructi,
1221 4048 1302 4146 plu·

233 4168 318 4240 rimi
334 4166 596 4260 adventassent,
615 4192 741 4240 omnes
755 4165 805 4239 illi
819 4168 974 4241 audaces
989 4167 1178 4239 Eburones
1192 4166 1302 4238 serme

238 4285 415 4384 perempti
446 4283 680 4381 exstinctique
714 4283 823 4358 suere.
856 4289 1023 4373 Quorum·
1051 4281 1237 4391 audaciam
1272 4281 1302 4353 si
