3272 5182
328 536 333 552 ·
376 541 433 598 rso
474 499 477 509 ¹
651 539 910 600 msrommuu
929 541 1108 602 cunnum
1134 542 1180 600 xr

374 671 597 772 semetipsos.
616 675 660 745 Et
676 698 761 747 cum
776 683 852 746 non
870 674 954 748 satis
969 672 1199 748 metallorum
1217 675 1360 773 copiam
1375 673 1445 749 sibi

374 787 488 861 aliore
508 805 717 888 presentem
739 791 787 863 ad
805 789 1027 866 bombardas
1048 792 1237 890 variasque
1258 790 1446 864 machinas

377 903 602 980 fabricandas
613 889 678 980 seu
692 906 894 980 fundendas
908 909 1143 1007 inspicerent,
1157 909 1266 979 etiam
1276 907 1446 978 locorum

376 1045 562 1094 sacrorum
584 1037 621 1095 et
642 1022 838 1095 domorum
862 1023 1105 1121 Dei'(quibus
1129 1023 1376 1122 copiosissime
1402 1047 1446 1096 ac

377 1137 726 1234 magnificentissime
740 1137 828 1210 urbs
842 1139 920 1236 ipsa
935 1139 1103 1236 insignita
1119 1152 1155 1212 et
1171 1139 1340 1210 decorate
1353 1138 1445 1234 erat)

377 1254 561 1352 campanis
585 1267 620 1326 et
642 1252 892 1330 tintinnabulis
920 1255 1069 1328 minime
1096 1269 1352 1354 pepercerunt,
1382 1254 1448 1327 sed

377 1368 498 1467 plures
520 1393 563 1440 ex
585 1369 635 1440 eis
656 1394 677 1442 a
695 1370 805 1443 sacris
825 1369 968 1462 usibus,
994 1370 1126 1468 quibus
1142 1370 1269 1443 dicetae
1285 1357 1445 1464 fuerant,

287 1534 292 1547 ·
377 1484 424 1557 ad
440 1483 691 1582 hujuscemodi
707 1485 878 1584 profanos
895 1500 930 1559 et
946 1487 1136 1585 sacrilegos
1153 1511 1239 1558 usus
1254 1485 1449 1565 transferre

378 1616 693 1701 praesumpserunt.
709 1659 711 1666 ,

427 1720 518 1789 Cum
531 1732 663 1790 ¹autem
686 1732 778 1791 esset
799 1718 991 1817 episcopus
1013 1742 1101 1790 suus
1125 1718 1163 1789 in
1189 1717 1328 1817 oppido
1352 1721 1450 1791 Tun·

379 1835 518 1932 grensi¹
545 1860 630 1907 cum
664 1848 759 1910 certa
793 1834 959 1908 custodia
986 1833 1162 1924 militum,
1199 1847 1273 1907 tam
1299 1860 1451 1908 suorum

240 2003 246 2012 .
278 2021 281 2032 ,
380 1973 491 2049 quam
514 1948 615 2026 ducis
637 1949 955 2046 Burgundionum,
979 1951 1065 2050 ipsis
1080 1950 1230 2022 minime
1245 1951 1398 2051 provide
1414 1965 1454 2023 et

382 2079 485 2139 caute
501 2064 569 2137 sibi
586 2066 899 2167 prospicientibus,
919 2066 1017 2142 etad
1034 2091 1136 2140 suam
1151 2068 1347 2166 palriaeque
1360 2081 1454 2140 tute-

381 2180 454 2253 lam
484 2205 560 2252 non
588 2183 672 2254 satis
703 2182 876 2272 sollicite,
910 2182 974 2255 sed
1006 2183 1126 2283 potius
1153 2181 1200 2256 ed
1228 2181 1453 2282 voluptatem

257 2315 265 2334 ⁸
308 2296 314 2308 '
382 2309 492 2393 atque
508 2295 688 2390 lascivias,
714 2311 910 2370 nocturnas
929 2297 1067 2397 vigilias
1090 2312 1127 2370 et
1150 2295 1320 2370 excubias
1343 2321 1454 2393 agen-

384 2396 502 2507 tibus,
531 2427 643 2485 noctu
668 2413 887 2490 irruentibus
911 2415 949 2488 in
973 2439 1037 2488 cos
1060 2414 1146 2514 ipsis
1172 2412 1450 2508 LeodiensibuS,

384 2527 637 2630 comprehensi
650 2545 748 2604 sunt.
766 2535 810 2605 Et
821 2532 859 2604 in
874 2526 1035 2604 hostium
1046 2531 1196 2629 quidem
1207 2555 1336 2604 manus
1349 2529 1455 2603 deve·

385 2661 518 2722 nerunt
533 2649 610 2748 ipse
630 2650 821 2749 episcopus
840 2663 875 2722 et
897 2648 1047 2747 quidam
1065 2650 1272 2747 capitaneus
1290 2652 1454 2746 Burgun-

386 2764 574 2858 dionum¹,
595 2763 781 2837 nonnullis
801 2789 845 2836 ex
866 2763 1037 2837 militibus
1058 2763 1171 2858 caesis,
1194 2763 1329 2836 coeteris
1346 2786 1452 2854 vern,

378 2863 518 2977 ⁸quibus
547 2878 696 2952 facultas
730 2877 818 2973 suit,
855 2902 920 2979 per
953 2877 1074 2975 sugam
1107 2877 1306 2952 tenebrosae
1338 2877 1456 2950 noctis

353 3073 356 3080 ,
385 2995 526 3096 elapsis.
1413 2993 1418 3003 ’

436 3115 509 3201 Qui
532 3139 617 3188 curn
639 3113 736 3213 capti
758 3109 932 3185 Leodium
956 3110 1103 3186 adducti
1127 3112 1293 3206 fuissent,
1321 3113 1455 3185 mirum

387 3229 493 3306 valde
509 3243 565 3316 ert
576 3230 764 3330 quomodo
780 3229 872 3302 inter
888 3229 1012 3302 turbas
1027 3245 1104 3303 tam
1117 3229 1336 3306 finiosorum
1352 3247 1388 3305 et
1401 3245 1456 3304 tu·

389 3347 656 3420 multuosorum
672 3342 917 3446 plebeiorum,
937 3347 1065 3418 mortis
1078 3346 1279 3446 periculum
1301 3347 1457 3446 effugere

298 3458 300 3463 ’
388 3475 609 3560 potuerunt,
632 3461 829 3562 praescrtim
846 3485 930 3534 cum
955 3462 1119 3535 omniurn
1147 3461 1259 3535 ferme
1278 3462 1457 3536 malorum

389 3601 539 3650 suorum
559 3604 685 3652 causas
705 3580 744 3651 in
765 3578 934 3651 eumdem
955 3604 1062 3654 suum
1086 3579 1299 3680 episcopum
1320 3594 1356 3652 et
1371 3606 1457 3654 suo·

273 3763 277 3773 .
389 3717 472 3768 rum
489 3695 696 3770 officialium
708 3696 853 3795 rapinas
865 3709 902 3769 et
913 3695 1018 3770 dolos
1029 3696 1246 3796 detorquere
1259 3697 1454 3790 solerenff,

431 3935 460 3992 1.
485 3933 674 4014 Tungherenst
689 3934 762 3996 dans
774 3936 803 3997 le
817 3955 872 4001 ms.
891 3939 968 3998 G’est
984 3939 1128 4018 Tongres,
1148 3933 1289 3996 audeone
1304 3931 1375 3996 ville
1391 3933 1458 4016 tpi-

389 4023 505 4106 scopale
515 4024 555 4085 du
566 4023 694 4100 diocise,
707 4027 758 4106 qui
770 4026 839 4088 tuit
849 4027 994 4104 deveuue‚
1009 4047 1047 4088 au
1061 4046 1167 4106 moyen
1179 4029 1245 4110 age,
1260 4027 1289 4088 la
1303 4026 1457 4086 forteresse

391 4115 442 4178 des
458 4117 584 4196 &requos
600 4115 636 4175 de
652 4116 752 4197 liege.

432 4211 463 4270 2.
485 4209 588 4270 c‘ttait
600 4210 627 4269 le
641 4208 778 4289 seigneur
791 4205 1046 4283 d’Humbercourt,
1061 4208 1119 4286 Gui
1131 4207 1168 4270 de
1182 4206 1310 4267 Brimeu.

432 4303 461 4362 ³.
484 4301 664 4363 Solentdens
678 4301 706 4360 le
721 4320 775 4361 ms.
1275 4321 1280 4336 ·
