3014 5010
516 422 626 478 LIBER
646 421 796 478 PRIMUS.
1147 423 1184 480 83

129 552 296 623 stitutum
319 550 446 623 illustri
467 552 615 646 regiuae‚
640 552 800 649 compari
825 576 915 638 suae,
943 551 1056 623 suerat
1082 553 1184 651 polli-

131 682 233 738 crtus.

183 787 349 880 Percepta
364 798 482 855 autem
494 781 561 853 hac
574 781 688 870 clade,
707 782 787 878 pius
802 780 860 853 ille
875 784 1059 875 Henricus,
1077 784 1186 857 fidem

131 897 319 969 hominum
337 913 536 968 exsecratus
551 912 586 967 ct
603 896 780 967 varietatis
804 920 922 966 rerum
947 896 1185 972 humanarum

130 1027 316 1110 pertaesus,
336 1036 420 1082 cum
441 1011 486 1082 de
502 1012 615 1082 Scotis
628 1011 733 1082 etiam
751 1034 878 1109 parum
896 1010 1110 1106 confideret,
1131 1041 1187 1087 rc·

131 1127 213 1199 licta
228 1128 359 1218 Scotia,
377 1126 423 1198 ad
435 1126 619 1224 quoddam
636 1127 890 1198 monasterium
907 1127 1187 1200 monachorum¹

130 1245 224 1315 circa
241 1240 330 1314 fines
351 1243 450 1339 regni
466 1241 521 1314 sui
539 1242 632 1313 clam
647 1266 684 1314 se
701 1241 865 1313 contulit.
886 1242 955 1314 Ubi
977 1242 1044 1313 sub
1060 1269 1186 1316 mona·

131 1359 190 1433 chi
212 1359 338 1431 habitu
359 1385 478 1456 regem
500 1359 704 1448 occultans,
729 1374 764 1429 et
784 1361 849 1429 Dei
868 1358 1041 1432 duntaxat
1058 1385 1187 1435 vacans

130 1475 323 1572 obsequio,
342 1484 406 1573 per
424 1475 561 1572 aliquot
577 1478 710 1546 annos'
727 1477 868 1570 ignotus
885 1474 1046 1564 delituit,
1071 1477 1188 1550 donec

131 1616 195 1691 per
225 1591 417 1688 quemdam
449 1589 626 1688 perfidum
654 1588 871 1661 monachum
902 1603 1009 1687 atque
1037 1593 1187 1690 impium

132 1706 322 1799 Edoardo,
351 1704 400 1777 ob
422 1705 654 1776 commodum
681 1705 827 1802 aliquod
853 1706 1050 1804 temporale
1073 1707 1119 1778 ab
1143 1735 1186 1781 eo

131 1821 441 1919 consequendum,
463 1822 623 1919 proditus
642 1835 677 1892 et
694 1821 869 1893 indicatus
886 1822 963 1894 suit.

179 1941 270 2010 Cum
288 1953 406 2010 autem
429 1940 477 2009 ita
498 1937 664 2008 Edoardo
690 1951 778 2008 esset
807 1936 991 2035 proditus,
1022 1939 1084 2035 qui
1110 1954 1187 2011 tum

130 2050 277 2151 pacifice
291 2068 367 2125 toto
382 2053 586 2152 potiebatur
600 2077 723 2148 regno,
739 2053 852 2123 missis
869 2052 1088 2142 satellitibus,
1104 2079 1186 2126 eum

131 2168 228 2240 adse
246 2169 450 2241 Londonias
466 2169 627 2240 accersiri
642 2167 760 2263 jussit3
780 2192 854 2264 quo
869 2168 950 2240 loco
972 2170 1008 2239 in
1031 2187 1118 2241 arce'
1129 2171 1187 2243 illa

131 2298 269 2376 vetere,
302 2309 381 2380 quar
408 2285 529 2354 Turris
557 2282 826 2353 Londoniarum
854 2283 1070 2381 appellatur,
1104 2310 1186 2357 eum

132 2398 338 2490 recludens,
375 2397 531 2497 praebitis
559 2399 621 2494 qui
653 2400 690 2468 in
719 2397 856 2467 cunctis
881 2398 948 2468 sibi
981 2403 1187 2472 necessariis

132 2515 371 2585 ministrarent
391 2513 681 2610 exactissimeque
702 2511 947 2602 observarent,
975 2512 1083 2608 longo
1106 2539 1184 2587 car-

130 2653 210 2701 cere
236 2655 318 2701 eum
343 2630 541 2716 damnavit,
562 2629 793 2724 clausumque
813 2626 883 2697 illic
899 2627 1071 2699 custodiri
1091 2629 1182 2701 fecit.

129 2746 252 2833 Qualis
268 2761 387 2817 autern
405 2745 636 2843 postmodum
660 2769 742 2814 eum
761 2743 904 2815 fortuna
919 2745 1091 2835 tenuerit,
1121 2769 1186 2815 suo

129 2860 223 2949 loco,
242 2865 317 2930 Deo
331 2861 545 2955 adjuvante,
574 2859 720 2929 inferius
737 2883 1011 2956 prosequemur,
1040 2858 1085 2928 ad
1103 2859 1187 2929 alias

129 3001 185 3048 res
195 3002 258 3073 per
270 2976 502 3063 Ludovicum,
511 2991 592 3046 ante
606 2974 699 3045 hanc
713 2976 857 3044 Henrici
870 2975 1184 3046 incarcerationem

129 3108 259 3189 gemm,
281 3107 440 3163 nostram
458 3091 678 3162 reflectentes
696 3090 953 3161 narrationem.
973 3094 1091 3176 Quam
1106 3091 1185 3186 qui·

130 3208 211 3279 dem
230 3205 328 3305 [huc]
347 3231 459 3302 usqne
477 3230 578 3276 casus
595 3205 738 3274 Henrici
756 3204 988 3300 fortunasque
1005 3205 1186 3276 narrando

128 3324 408 3421 perstrinximus,
427 3323 615 3393 occasione
629 3320 803 3391 adventus
813 3320 954 3390 illustris
969 3323 1182 3417 Margaretae,

129 3440 323 3535 auglorum
347 3439 492 3533 reginae,
526 3436 571 3508 ad
588 3436 847 3508 consobrinum
870 3461 976 3508 suum
999 3438 1187 3534 maritique

128 3556 182 3627 sui
200 3556 342 3626 Henrici
359 3555 527 3626 eumdem
548 3553 787 3643 Ludovicum,
809 3558 1026 3624 Francorum
1047 3578 1184 3649 regern,

127 3672 240 3767 gratia
258 3671 375 3742 auxilii
394 3670 582 3766 solatiique
599 3666 645 3739 ab
662 3693 705 3739 eo
723 3667 1060 3763 consequendorum
1080 3695 1088 3737 ε
1108 3677 1187 3764 quae

129 3786 212 3858 talia
237 3787 354 3882 qualia
380 3786 530 3856 relatum
556 3784 712 3871 exstitit,
743 3782 938 3854 adiuvenit.
967 3784 1044 3854 Fuit
1067 3798 1186 3854 autem
1270 3867 1273 3873 ἡ

128 3903 228 4001 prior
254 3900 430 3971 adventus
454 3901 564 3997 ipsius
585 3899 714 3995 reginae
739 3898 775 3967 in
795 3898 979 3970 Franciam
996 3897 1042 3969 ad
1066 3897 1188 3968 Ludo-
1291 3966 1297 3975 ,

170 4077 197 4130 t.
223 4076 247 4129 Α
261 4068 426 4150 Abingdon.

170 4164 200 4220 Β.
225 4161 354 4221 Pendant
369 4178 409 4219 un
424 4177 461 4219 an
475 4159 645 4221 seulement.
