3384 5184
623 523 734 582 LIBER
760 523 962 586 SECUNDUS.
1264 529 1322 584 llll

263 656 376 749 ribus,
395 655 528 730 babere
544 670 734 755 poterant,
760 657 856 754 ipsos
874 679 1003 756 capere
1025 670 1061 728 et
1082 656 1120 728 in
1137 679 1222 728 usus
1240 683 1325 731 suos

263 787 402 846 vertere
414 797 487 844 non
499 772 712 845 omittebant
725 773 843 869 plures
855 797 897 844 ex
913 771 1134 870 principibus
1147 771 1322 858 factionis.

267 887 371 960 Unde
389 901 426 960 et
445 889 481 959 in
499 889 574 961 suis
589 889 693 960 terris
709 903 745 960 et
760 888 798 959 in
814 888 950 978 vicinis,
967 887 1185 986 ubicumque
1198 913 1327 962 manus

263 1004 380 1102 potuit
403 1005 565 1097 mittere,
593 1003 665 1076 hoc
688 1028 810 1076 comes
834 1005 1025 1076 Arminiaci
1048 1029 1153 1102 agere
1178 1005 1326 1077 minime
1417 1039 1422 1048 ¹

264 1119 398 1192 omisit.
417 1118 593 1192 Dicebant
608 1121 706 1192 euim
725 1120 857 1194 lactum
874 1120 1053 1218 optimum
1070 1146 1165 1209 esse,
1185 1122 1233 1212 si,
1250 1122 1327 1220 regi

264 1251 299 1308 et
314 1235 486 1334 pecunias
501 1250 538 1308 et
554 1248 666 1308 terras
690 1235 901 1328 auferendo,
933 1234 1021 1308 illud
1049 1236 1118 1310 sibi
1144 1236 1329 1312 subtrabe-

263 1366 363 1444 rent,
385 1350 482 1424 uude
502 1350 672 1424 militibus
689 1351 762 1424 suis
776 1337 954 1451 stipendia
975 1351 1090 1424 lacere
1105 1367 1326 1428 consuesset.

313 1471 386 1540 llex
411 1481 530 1541 autem
553 1493 638 1541 cum
668 1467 876 1540 incendium
898 1491 1003 1564 grave
1026 1481 1063 1540 et
1090 1469 1330 1567 periculosum

264 1569 335 1656 sibi
349 1584 527 1655 initiatum
548 1597 756 1682 agnosceret
771 1572 1034 1655 in'Bituricensi
1051 1599 1086 1656 et
1105 1583 1329 1658 Borbouensi

266 1700 468 1786 territoriis,
490 1703 584 1772 et...¹
603 1698 767 1772 nondum
789 1713 862 1771 tam
880 1701 949 1772 cita
967 1723 1009 1771 ac
1031 1699 1158 1774 festina
1178 1701 1331 1794 aliorum

264 1814 470 1913 principum
496 1815 659 1887 factionis
676 1815 856 1908 motione,
882 1815 1127 1910 intellexisset,
1152 1841 1237 1889 cum
1256 1841 1332 1891 ma·

266 1932 343 2028 gnis
360 1932 522 2029 equiturn
542 1946 648 2029 atque
663 1931 826 2031 peditum
842 1933 955 2029 copiis
966 1930 1013 2003 ad
1031 1946 1142 2006 terras
1155 1932 1232 2006 illas
1250 1958 1334 2032 pro·
1439 1987 1441 1995 ι

268 2071 352 2146 pere
368 2046 606 2144 proficiscitur
616 2050 638 2117 ¹.
663 2045 716 2118 td
733 2071 822 2142 quas
844 2048 1010 2137 veniens,
1039 2046 1174 2146 absque
1199 2073 1332 2145 magno

266 2167 412 2264 negotio
443 2167 565 2239 omnia
601 2166 711 2240 ferme
744 2167 886 2240 castella
913 2168 971 2239 vel
1003 2169 1113 2240 armis
1146 2168 1202 2242 vel
1231 2167 1332 2242 dedi-

267 2285 364 2357 tione
387 2286 536 2382 recepit,
556 2309 635 2382 quae
659 2283 706 2356 ab
735 2309 779 2356 eo
809 2282 1025 2359 defecerant.
1053 2289 1211 2384 Quoquo
1237 2289 1333 2360 enim

267 2399 497 2492 adventaret,
527 2400 638 2472 territi
672 2400 767 2472 cives
804 2401 954 2473 nomine
985 2402 1077 2499 regis
1111 2400 1334 2502 militumque

267 2518 427 2616 potentia
449 2517 567 2589 statim
586 2514 806 2588 deditionem
823 2515 1006 2610 iecerunt,
1026 2519 1219 2616 presertim
1235 2534 1334 2619 post·

266 2657 375 2731 quam
403 2631 576 2704 nonnulla
605 2630 798 2731 oppidula,
818 2657 897 2729 quae
914 2633 1075 2704 resistere
1098 2657 1333 2733 praesumpse·

267 2766 370 2843 rant,
398 2748 526 2849 praedae
551 2761 660 2845 atque
685 2747 878 2847 direptioni
903 2747 1009 2822 fuisse
1030 2749 1192 2848 exposita
1223 2754 1334 2824 maxi·

261 2866 406 2965 ,misque
431 2864 537 2936 luisse
568 2862 748 2961 implicata
779 2863 1037 2937 calamitatibus
1070 2883 1329 2962 cognoverunt.

268 2984 454 3056 Civitatem
471 2995 592 3052 tamen
611 2979 864 3054 Bituricensem
890 3002 950 3052 rex
974 2995 1060 3053 tunc
1077 2981 1247 3056 intactam
1267 2984 1349 3058 de-'

269 3099 432 3196 reliquit,
451 3122 497 3169 eo
522 3098 623 3193 quod
642 3097 718 3193 ejus
745 3097 968 3197 oppugnatio
994 3099 1139 3195 majoris
1161 3101 1333 3199 temporis

269 3241 389 3290 moras
401 3231 437 3290 et
449 3213 629 3288 difficilius
640 3215 856 3314 exposcebat
869 3217 1065 3314 negotium.
1087 3222 1166 3290 Non
1180 3217 1331 3294 dubium

268 3347 388 3405 autern
401 3332 488 3430 quin
502 3357 564 3404 rex
582 3355 766 3404 arnmrum
784 3331 958 3431 potentia,
974 3356 1049 3402 non
1065 3331 1129 3402 diu
1146 3333 1329 3431 posthoc,

267 3447 399 3522 ducem
429 3447 619 3540 Borbonii,
647 3447 710 3544 qui
736 3446 783 3519 de
807 3447 952 3520 castello
978 3449 1015 3519 in
1041 3449 1227 3523 castellum
1249 3452 1332 3525 abs-

269 3590 339 3663 que
364 3563 483 3661 aliqua
506 3563 703 3636 resistentia
731 3562 905 3659 fugiebat,
930 3564 1032 3636 terris
1057 3565 1129 3637 suis
1158 3583 1194 3639 et
1220 3571 1333 3667 patria

269 3679 478 3778 expulisset,
507 3681 535 3751 si
561 3705 637 3752 non
663 3679 732 3751 alia
757 3679 921 3775 graviora
948 3679 1163 3782 majorisque
1185 3685 1335 3784 periculi

268 3821 389 3892 regem
405 3821 489 3870 cum
505 3797 577 3868 suis
593 3796 706 3896 copiis
721 3795 791 3868 alio
805 3794 981 3868 divertere
997 3799 1208 3896 coegissent.

320 3915 506 3985 Moverant
518 3913 615 3985 enim
632 3913 678 3984 de
692 3911 796 3983 terris
812 3911 885 3984 suis
898 3935 980 3983 cum
1000 3915 1139 4010 magnis
1156 3931 1191 3988 et
1210 3916 1335 3989 validis

311 4188 341 4242 t.
363 4187 480 4244 anune
495 4183 535 4242 du
552 4194 641 4258 texte,
656 4178 796 4260 quoiqu'il
813 4201 844 4241 se
856 4183 939 4244 suive
950 4184 1023 4245 dans
1038 4187 1066 4247 le
1078 4207 1131 4249 ms.

312 4277 341 4331 2.
365 4273 423 4332 Mai
438 4275 528 4334 libb.
