3322 5172
356 581 415 637 suc
626 577 880 634 uxsroannun
901 577 1076 642 xuoovrcs
1095 578 1138 660 xx

353 713 444 785 datae
459 707 620 799 fuissent3
641 723 676 780 et
692 709 728 778 in
747 709 798 779 eis
812 708 970 806 hospitio
985 707 1201 806 recipiendis
1219 708 1416 807 plurimum

353 828 471 899 forent
491 823 709 921 luissentqne
729 823 838 918 longo
853 825 928 919 jam
949 837 1111 922 tempore
1128 826 1355 922 praegravati,
1376 842 1417 899 ut

354 944 400 1016 de
423 944 491 1016 illis
514 941 655 1028 sileam,
684 963 839 1036 quorum
864 939 1019 1012 ecclesiae
1044 955 1078 1012 et
1099 940 1265 1032 decimae,
1290 959 1417 1016 contra

355 1085 503 1132 omnem
519 1061 721 1156 aequitatem
738 1067 774 1125 et
785 1055 975 1148 justitiam,
995 1057 1064 1129 sub
1076 1081 1198 1129 annuo
1211 1083 1319 1128 censrr
1335 1082 1416 1130 vec-

354 1176 475 1271 tigales
491 1174 622 1246 effectae
636 1183 739 1282 suut,
756 1191 879 1238 earum
894 1171 1054 1266 vectigali
1065 1173 1101 1242 in
1118 1172 1192 1243 fisci
1206 1175 1345 1245 ratione
1356 1200 1416 1246 or·

354 1290 492 1362 dinaria
507 1289 697 1381 assignato.
716 1281 787 1352 Sed
805 1297 841 1354 et
853 1283 950 1355 aliud
967 1284 1051 1376 fuit,
1070 1285 1201 1382 dequo
1216 1311 1290 1358 non
1305 1289 1416 1362 modo

354 1402 579 1477 ecclesiastici
602 1400 686 1486 viri,
708 1396 769 1469 sed
788 1414 823 1469 et
844 1420 970 1472 omnes
989 1399 1098 1471 ferme
1114 1402 1194 1473 laici
1213 1404 1418 1497 gravissime

354 1521 461 1592 etiam
480 1516 742 1616 querebantur,
760 1530 796 1586 et
814 1539 961 1611 magnas
978 1516 1085 1611 vulgo
1102 1515 1276 1590 iaciebant
1291 1544 1417 1617 quere-

355 1636 419 1716 las.
444 1634 601 1706 Dederat
621 1632 718 1703 enim
735 1632 901 1729 princeps
917 1630 1033 1728 (quod
1052 1646 1157 1704 autea
1173 1634 1210 1704 in
1233 1635 1334 1706 terris
1352 1635 1419 1708 illis

357 1777 424 1825 nec
442 1766 641 1839 assuetum,
660 1773 727 1818 nec
753 1747 838 1819 alias
862 1745 908 1820 de
932 1746 1124 1819 hominum
1150 1753 1326 1822 memoria
1346 1752 1419 1824 fac-

356 1882 434 1939 tum
454 1867 560 1939 luisse
582 1861 833 1958 affirmabant)
849 1864 923 1934 sive
947 1877 1037 1932 nutu
1057 1886 1146 1952 su0,
1166 1865 1257 1953 sive,
1276 1865 1420 1964 pessimi

357 1981 547 2053 hominum
565 1979 701 2075 generis
712 1992 821 2074 atque
833 1977 1042 2074 nequissimi
1056 2031 1066 2068 ,
1082 2001 1231 2051 suorum
1248 1979 1420 2054 adinven-

358 2097 456 2168 tione
474 2108 710 2192 quoestorum,
730 2093 913 2189 superiore
936 2116 1033 2164 anno
1048 2092 1218 2166 mandata
1236 2096 1283 2167 ad
1299 2097 1421 2195 exqui-

357 2209 508 2282 rendum
524 2233 589 2308 per
602 2231 728 2280 omnes
744 2221 856 2279 terras
872 2231 973 2300 suas,
990 2231 1069 2302 quae
1084 2208 1259 2300 ecclesiae,
1279 2237 1423 2284 monas-

357 2328 445 2399 teria
461 2351 524 2397 seu
540 2325 707 2421 collegia,
727 2339 788 2396 aut
804 2322 1083 2420 qualescumque
1102 2325 1274 2421 religiosae
1289 2327 1422 2403 domus

358 2457 392 2515 et
410 2443 617 2542 hospitalia,
638 2467 700 2514 seu
719 2441 788 2514 alia
807 2443 867 2540 pia
887 2441 967 2513 loca
989 2441 1046 2514 vel
1068 2444 1285 2542 quicumque
1310 2447 1423 2520 eccle-

358 2561 488 2633 siastici
506 2560 618 2650 tituli,
647 2559 782 2656 aliquid
802 2558 989 2657 praediale,
1008 2559 1065 2632 vel
1081 2586 1229 2634 censum
1253 2589 1314 2637 seu
1327 2567 1422 2638 redi·

358 2692 434 2748 tum
450 2701 629 2769 annuum,
649 2690 711 2748 aut
734 2675 832 2747 aliud
851 2673 1038 2772 quodlibet
1061 2679 1258 2777 temporale
1282 2683 1424 2755 noviter

358 2792 643 2889 acquisivissent,
670 2789 770 2890 quod
796 2813 871 2860 nou
896 2791 1145 2863 amortizatum
1168 2795 1354 2867 exstitisset
1372 2797 1424 2892 (et

359 2906 430 2980 hoc
442 2909 535 2979 circa
551 2933 666 2980 annos
682 2907 939 3004 quinquaginta
951 2907 1008 2978 vel
1024 2908 1234 3006 sexaginta),
1250 2910 1297 2984 ad
1314 2911 1425 2984 finem

359 3019 459 3119 quod
482 3022 781 3121 compellerentur
806 3037 904 3095 extra
930 3045 1078 3094 manum
1103 3039 1137 3096 et
1161 3027 1425 3122 possessionem

361 3139 514 3211 ecclesiae
546 3137 815 3236 hujuscemodi,
846 3162 1076 3236 quocumque
1104 3141 1275 3234 acquisita
1299 3143 1421 3238 titul0,

360 3253 433 3325 sive
449 3255 612 3358 priorum
635 3253 831 3326 donatione
845 3266 880 3322 et
895 3255 1128 3326 concessione
1145 3254 1324 3346 fidelium,
1350 3262 1425 3336 sive

266 3369 269 3382 '
361 3365 460 3458 alias,
474 3367 669 3468 deponere,
682 3366 737 3438 vel
748 3367 1030 3440 amortisationis
1040 3373 1271 3446 constitutam
1283 3391 1319 3447 et
1329 3392 1425 3452 taxa·

362 3495 436 3551 tam
456 3484 659 3578 persolvere
676 3481 836 3580 pecuniae
861 3485 1108 3581 quantitatem.
1133 3493 1363 3590 Fueruntque
1378 3495 1426 3568 ad

361 3595 612 3693 hujuscemodi
633 3598 896 3670 exsecutionem
914 3601 1166 3674 mandatorum
1190 3611 1425 3683 commissarii

362 3711 539 3811 deputati,
559 3714 654 3813 proh
677 3712 802 3787 dolor!
824 3715 931 3787 etiam
949 3714 996 3788 de
1012 3718 1250 3794 ecclesiastico
1267 3737 1379 3816 statu3
1405 3751 1426 3799 e

361 3830 512 3926 quibus,
532 3845 706 3930 tanquam
723 3831 837 3930 iniqui
854 3857 896 3905 ex
914 3835 1043 3927 lsrael,
1063 3837 1145 3909 satis
1167 3839 1301 3913 inventi
1321 3858 1423 3939 sunt,

361 3952 423 4048 qui
442 3949 571 4024 talibus
595 3952 829 4050 exsequendis
852 3953 983 4051 iniquis
1000 3968 1035 4026 et
1053 3958 1229 4054 sacrilegis
1248 3961 1425 4036 mandatis

360 4083 598 4164 spontaneos,
626 4095 688 4170 spe
712 4069 918 4168 praedandi,
946 4095 1021 4142 sese
1054 4071 1243 4166 offerrent,
1270 4079 1425 4178 taliaque

360 4179 503 4256 obirent
527 4209 688 4260 munera.
719 4186 824 4283 Atqui
848 4197 938 4283 quot
965 4183 1087 4280 dolos,
1117 4206 1206 4289 quot
1230 4193 1425 4268 calumnias

362 4299 612 4400 variarumque
636 4317 838 4375 commenta
863 4303 1066 4400 rapinarum
1091 4310 1340 4404 exquisierint,
1363 4317 1425 4410 qui
