3282 5168
580 554 691 612 nmen
716 552 896 628 octavus.
1213 561 1270 618 sor

210 683 276 760 diu
293 710 335 760 ea
356 709 414 760 res
433 698 684 776 attentaretur,
704 686 896 762 multitudo
920 688 1173 786 hujuscemodi
1197 691 1269 765 fac·

212 805 463 902 tionisignara,
475 817 611 877 terrore
621 818 815 899 commota,
825 805 921 878 illico
932 807 1141 906 prorupitin
1153 831 1268 903 arma,

212 926 309 1000 etad
325 926 476 1000 tuendas
492 941 615 1025 portas
631 939 666 998 et
682 928 815 999 moenia
832 952 916 1000 cum
932 927 1068 1025 ingenti
1081 952 1270 1003 accurrens

211 1043 376 1129 fremitu,
394 1041 529 1143 expulit
550 1056 586 1115 et
602 1039 803 1116 inefficaces
815 1041 919 1116 'abire
934 1045 1069 1142 coegit3
1088 1045 1187 1117 etita
1202 1069 1270 1145 pro

211 1182 254 1232 ea
270 1159 347 1231 vice
361 1173 539 1232 servatum
557 1157 622 1231 fuit
638 1156 815 1259 oppidum
830 1160 906 1256 regi
923 1163 1172 1233 Francorumt

260 1276 340 1360 Quo
364 1273 482 1362 facto,
509 1297 595 1346 cum
620 1272 667 1346 de
697 1256 913 1372 conjuratis,
939 1298 982 1349 ex
1009 1273 1272 1374 suspicionibus

210 1387 406 1478 nonnullis,
421 1386 605 1484 inquisitio
619 1385 746 1460 haberi
761 1387 991 1487 coepisset,ad
1005 1388 1181 1486 quosdam
1192 1411 1274 1486 pro·

209 1495 389 1572 habilibus
404 1498 636 1596 conjecturis¹
649 1498 845 1572 deventum
859 1514 924 1590 est,
940 1500 1015 1596 qui,
1028 1522 1111 1572 cum
1124 1499 1162 1570 in
1175 1499 1276 1596 jure·

210 1613 363 1688 confessi
382 1613 529 1686 fuissent
545 1612 604 1686 vel
619 1629 804 1704 auctores,
823 1614 882 1686 vel
897 1615 1092 1713 complices
1108 1613 1275 1712 conjura-

210 1731 319 1804 tionis
335 1731 520 1822 exstitisse,
539 1729 657 1803 dehis
673 1743 844 1829 tanquam
863 1730 908 1803 de
924 1731 994 1804 reis
1010 1731 1097 1804 taesae
1113 1731 1281 1828 majesta·

211 1847 256 1918 tis
281 1847 497 1945 supplicium
517 1849 725 1945 sumptum*
746 1846 824 1918 fuit.
844 1849 940 1920 lnter
965 1871 1057 1946 quos
1083 1861 1159 1920 erat
1183 1871 1274 1920 unus

210 1968 410 2067 praecipuus
421 1967 546 2066 oppidi
563 1968 690 2042 consul
706 1991 773 2066 pro
790 1966 852 2041 illo
869 1992 980 2042 anno.
997 1971 1064 2040 Per
1078 1967 1197 2065 fugam
1211 1991 1274 2042 au·

210 2096 285 2156 tem
306 2084 471 2183 praelatus
487 2084 658 2158 dominus
674 2083 899 2178 Bernardus,
927 2084 1047 2176 miles,
1074 2109 1158 2156 cum
1179 2109 1276 2156 non-

211 2201 318 2274 nullis
330 2200 591 2300 contplicibus,
610 2217 775 2292 mature,
801 2199 902 2298 quod
918 2225 1011 2300 opus
1026 2201 1057 2275 ei
1080 2199 1167 2292 fuit,
1187 2225 1274 2273 con·

209 2315 329 2389 suluit.
355 2317 426 2390 Sed
445 2318 594 2390 minime
617 2316 883 2414 quiescentibus
905 2315 1126 2414 reliquorum
1148 2317 1275 2389 animis

211 2433 290 2532 (qui
303 2434 394 2507 forte
411 2433 479 2508 sibi
494 2435 631 2507 conscii
650 2449 754 2508 erant
768 2433 1020 2531 hujuscemodi
1034 2433 1274 2531 conjurationi

210 2573 392 2622 assensum
426 2549 650 2648 praestitisse,
677 2565 737 2638 et,
763 2563 912 2649 propter
934 2548 1006 2621 hoc
1031 2564 1128 2622 metu
1154 2548 1270 2640 annii,

210 2690 285 2738 nou
298 2663 396 2738 aliud
411 2664 624 2738 affectabant
640 2689 707 2739 nec
720 2665 878 2762 cogitare
890 2679 1083 2764 poterant,
1102 2663 1170 2737 nisi
1186 2689 1274 2761 qna·

209 2782 306 2873 liter,
324 2780 463 2856 sublato
481 2782 543 2856 tati
564 2796 663 2854 metu
680 2781 813 2880 poenali
837 2795 946 2878 atque
967 2779 1072 2854 valde
1087 2780 1274 2853 anxietatis

210 2911 246 2970 et
261 2896 463 2969 formidinis
478 2896 605 2996 plenu,
626 2895 804 2968 securitati
824 2911 859 2968 et
876 2896 987 2993 quieti
1004 2894 1270 2992 redderentur),

208 3012 448 3113 plurimorum
465 3012 592 3104 etiam,
611 3011 691 3108 qui,
710 3011 775 3083 etsi
784 3008 887 3083 dictae
908 3011 1036 3109 prioris
1053 3010 1272 3106 conjuratio·

210 3129 266 3202 nis
282 3128 417 3201 conscii
441 3127 590 3200 minime
608 3127 770 3219 fuerant,
796 3139 918 3200 tamen
941 3126 987 3199 dc
1003 3127 1214 3225 punitorum
1236 3140 1273 3198 ct

209 3245 493 3345 proscriptorum
513 3243 630 3344 poenis
654 3242 840 3336 dolentes,
856 3235 922 3341 ¹qui
943 3242 993 3314 eis
1010 3240 1066 3314 vel
1091 3243 1272 3340 sanguinis

209 3359 471 3436 necessitudine
494 3361 678 3459 conjuncti
702 3385 779 3433 esse
806 3373 991 3459 poteraut,
1026 3374 1063 3432 et
1079 3359 1128 3433 ad
1152 3385 1271 3458 regem

209 3501 317 3550 suum
336 3480 542 3574 aragonum
569 3475 724 3553 naturali
749 3499 898 3567 amore,
931 3474 978 3549 ad
1004 3479 1160 3550 Francos
1184 3500 1271 3550 vero

250 3769 279 3825 l.
302 3768 383 3828 (lette
397 3763 536 3825 tentative
550 3775 594 3824 est
611 3761 796 3823 mentionnds
817 3762 889 3822 daus
907 3781 949 3824 un
967 3761 1090 3844 registro
1105 3762 1143 3823 de
1162 3763 1273 3843 l’eglise

209 3856 431 3933 saint-lacques
449 3851 486 3911 de
502 3852 687 3932 Perpignan,
702 3854 719 3910 fr
735 3850 765 3910 la
775 3850 842 3910 date
853 3851 893 3910 du
908 3855 947 3912 25
958 3851 1075 3927 janvier
1090 3855 1179 3912 ttts.
1197 3855 1272 3931 Rap-

208 3958 277 4027 port
292 3944 329 4005 de
343 3947 384 4004 ll.
408 3947 509 4019 fleury
526 3961 578 4001 sur
597 3942 640 4002 les
661 3939 795 4000 archivus
815 3939 853 3998 de
871 3940 1052 4022 Perpignsn,
1065 3939 1138 4000 dans
1158 3938 1201 4000 les
1215 3945 1274 4000 Do·

208 4049 340 4098 sumente
352 4033 470 4107 inedits,
485 4036 647 4111 Milangcs,
663 4044 685 4092 t.
701 4033 727 4104 l,
743 4052 773 4110 p.
787 4027 858 4089 405.

249 4129 281 4189 2.
303 4130 383 4185 Dans
395 4123 423 4184 le
438 4142 506 4197 ma,
520 4125 563 4180 ad
573 4123 712 4202 quasdam
722 4117 884 4196 pmbattto
898 4125 1083 4195 conjectum.

250 4225 280 4283 3.
304 4222 363 4299 Qui
376 4223 406 4278 tn
421 4239 483 4278 eum
491 4220 556 4294 juri
570 4215 642 4278 dens
653 4216 682 4276 le
697 4233 753 4276 ms.
818 4276 822 4286 ,

251 4320 281 4380 l.
302 4318 478 4394 Supplicium
489 4326 651 4389 superatum
664 4309 736 4370 dans
747 4307 776 4368 le
790 4327 846 4368 ms.
