3384 5184
603 531 713 588 LIBER
732 529 933 590 SECUNDUS.
1241 535 1297 590 153

241 663 387 737 deberet
404 663 575 735 invenire.
596 667 678 736 Erat
695 663 792 735 enim
809 662 985 763 oppidum
1004 688 1103 762 paene
1119 667 1156 736 in
1179 665 1297 738 medio

242 781 366 852 itinere
388 779 513 868 situm,
542 779 634 852 inter
655 778 919 876 Rothomagum
941 794 977 850 et
1000 784 1134 854 Drocas
1147 784 1173 871 ¹,
1204 781 1298 856 unde

240 895 338 968 idem
355 896 426 969 dux
444 880 615 969 Borbonii
631 895 677 968 ad
691 894 858 968 eumdem
875 896 1074 994 scripserat.
1097 895 1299 970 Observans

243 1014 360 1110 itaque
377 1013 602 1086 Normanniae
628 1012 700 1084 dur
719 1025 891 1084 statutum
912 1011 1020 1102 diem,
1043 1012 1130 1084 adiit
1146 1014 1298 1084 Locum'-

241 1128 365 1215 Veris,
393 1127 474 1219 ubi,
507 1153 591 1200 cum
619 1127 813 1200 adventum
836 1126 937 1199 ducis
959 1141 1176 1225 exspectaret
1200 1127 1299 1223 juxta

241 1244 416 1344 promissa
448 1269 532 1337 sua,
568 1257 604 1314 ct
637 1242 839 1315 mandasset
873 1244 1059 1343 capitaneo
1093 1258 1128 1314 et
1160 1242 1299 1315 civibus

243 1361 469 1433 Ebroicensis
493 1361 684 1452 civitatis¹‚
713 1359 831 1457 quod,
860 1361 960 1432 omni
985 1385 1068 1432 cum
1096 1358 1236 1430 honore
1263 1375 1299 1432 et

241 1477 436 1550 reverentia
466 1501 558 1574 quos
587 1475 655 1548 sibi
686 1476 753 1574 ipsi
782 1473 951 1548 exhibere
981 1489 1148 1575 possent,
1180 1477 1297 1574 ipsum

241 1592 371 1665 ducem
400 1591 570 1664 Borbonii
604 1606 677 1663 tam
703 1593 758 1663 sui
785 1615 895 1689 quum
921 1593 1032 1690 regis,
1059 1593 1161 1689 cujus
1193 1616 1231 1664 se
1263 1607 1298 1664 et

241 1688 397 1804 legatum
413 1707 613 1798 asserebat,
631 1705 934 1804 contemplatione
955 1707 1180 1804 exciperent,
1199 1721 1297 1803 post-

144 1887 146 1892 .
241 1847 351 1920 quam
373 1823 532 1919 ejusdem
556 1821 752 1922 operiendo
778 1822 973 1895 adventum
1001 1822 1073 1895 illic
1100 1837 1298 1895 remoratus

242 1939 362 2010 fuisset
375 1939 528 2037 perdice
544 1939 653 2032 duos,
671 1937 842 2010 intellexit
855 1937 978 2010 dolum
990 1953 1098 2037 atque
1109 1937 1297 2039 perfidiam

241 2079 333 2152 quos
360 2053 427 2126 sibi
451 2053 548 2127 idem
576 2055 649 2126 dux
675 2054 844 2127 Borbonii
868 2068 1036 2154 patrarat.
1077 2059 1166 2126 Nam
1193 2079 1295 2146 cum,

241 2170 355 2269 ipsam
375 2169 626 2242 Ebroicensem
654 2171 834 2243 civitatem
862 2170 1085 2266 ingrediens,
1106 2195 1127 2242 a
1149 2169 1245 2244 clero
1265 2185 1300 2244 ct

242 2284 378 2358 civibus
393 2285 460 2358 sibi
476 2287 594 2384 (juxta
610 2286 709 2382 quod
732 2285 942 2358 mandatum
965 2289 1196 2385 acceperant)
1211 2311 1297 2386 pro·

242 2401 481 2474 cessionaliter
499 2402 710 2474 exeuntibus
726 2400 893 2491 obviam,
918 2401 1038 2474 luisset
1054 2401 1298 2476 honorificen-

243 2517 383 2590 tissime'
406 2531 586 2617 receptus,
612 2515 695 2588 fidei
722 2518 900 2614 totiusque
924 2516 1121 2590 honestatis
1146 2518 1296 2611 oblitus,

244 2633 377 2734 perfide
403 2660 444 2708 ac
462 2632 718 2725 fraudulenter,
743 2633 890 2704 nomine
916 2634 1026 2730 regis,
1043 2634 1222 2706 civitatem
1239 2661 1298 2708 ac·

242 2753 352 2849 cepit,
368 2751 580 2823 intromissis
595 2749 639 2822 de
656 2749 747 2844 regis
762 2748 909 2840 militia,
923 2749 1187 2847 quibuscivitas
1199 2750 1298 2824 nullo

243 2867 354 2938 modo
372 2866 542 2940 obsistere
567 2865 779 2965 potuisset³3
802 2867 991 2965 posuitque
1014 2865 1102 2957 illic,
1123 2867 1213 2962 regis
1233 2892 1299 2940 no·

282 3107 311 3163 l.
334 3107 445 3164 Draus.
463 3102 503 3166 Le
525 3103 582 3163 duc
602 3103 639 3162 de
659 3101 797 3163 Bourbon
817 3123 837 3180 y
855 3101 933 3163 avait
953 3101 997 3161 eti
1020 3102 1133 3180 envoye
1154 3123 1225 3163 avec
1246 3123 1300 3163 son

242 3193 327 3264 frere,
342 3193 370 3252 le
381 3192 483 3253 batard
493 3192 529 3253 de
537 3192 687 3265 Bourbon;
696 3213 767 3253 arec
777 3193 805 3253 le
813 3211 948 3252 nouveau
957 3191 1123 3252 chancelier
1131 3191 1169 3252 de
1177 3197 1297 3265 Franco,

241 3280 1300 3357 GuillaumequveneldesUrsins3avecCharlesdeMelunetGuillaume

241 3370 387 3432 Consinot.
402 3375 577 3430 Documents
590 3369 706 3444 inidits,
721 3373 885 3449 Melangeia
905 3383 926 3429 t.
941 3375 983 3444 11,
999 3393 1029 3450 p.
1045 3373 1114 3430 tto,

280 3467 311 3525 2.
333 3453 461 3527 llureux.

282 3561 310 3618 3.
334 3559 357 3616 ll
374 3577 418 3638 ya
430 3559 467 3617 de
482 3557 697 3618 l’inexautitude
710 3558 782 3618 dans
795 3577 828 3617 ce
842 3557 921 3616 reicit.
933 3555 1014 3615 Voici
1026 3556 1102 3616 celui
1116 3556 1152 3616 de
1166 3555 1194 3615 la
1210 3555 1301 3615 Chro-

240 3647 328 3725 niquc
338 3648 524 3708 scandaleuse
538 3671 545 3708 ε
560 3675 572 3703 ι
585 3649 788 3728 Monseigneur
801 3647 837 3707 de
850 3646 986 3706 Bourbon
995 3646 1041 3707 ala
1051 3647 1158 3707 devant
1170 3637 1299 3722 Erratis,

240 3755 316 3813 pour
333 3735 451 3810 l‘avoir,
474 3738 524 3814 qui
548 3743 596 3815 n'y
620 3737 752 3797 obiisent
775 3737 858 3815 point
876 3736 913 3794 de
933 3737 1076 3814 premiere
1093 3755 1190 3796 renue
1197 3759 1206 3810 ;
1230 3735 1301 3794 mais

242 3823 344 3902 depuis
360 3825 525 3884 traicterent
538 3845 681 3904 evesques
694 3827 745 3903 luy
759 3837 787 3884 et
800 3825 827 3883 le
840 3823 1005 3883 bouttdrent
1017 3825 1138 3902 dedans,
1154 3826 1242 3902 luyet
1256 3843 1301 3882 ses

241 3931 321 3992 gens.
337 3937 349 3964 ι
368 3917 416 3972 Un
430 3915 568 3974 mimoire
584 3915 620 3974 de
637 3913 724 3974 Louis
734 3917 777 3972 XI
794 3933 832 3972 au
844 3925 938 3972 comte
951 3912 988 3972 de
1001 3914 1148 3972 Charolais
1163 3913 1300 3970 confirmo

240 4001 267 4062 le
280 4003 329 4061 fait
339 4003 375 4061 dc
385 4003 413 4062 la
423 4004 575 4064 resistance
584 4005 711 4084 oppones
721 4001 843 4064 d'abord
857 4023 893 4062 au
906 4001 961 4062 duc
973 4003 1009 4062 de
1022 4003 1159 4063 Bourbon
1173 4025 1179 4058 :
1191 4028 1203 4052 ιι
1215 4004 1299 4058 Mon-

240 4090 376 4170 seigneur
391 4091 428 4150 de
442 4090 579 4151 Bourbon
595 4092 658 4151 vint
673 4091 755 4151 audit
768 4092 827 4152 lieu
845 4091 882 4151 de
902 4099 1021 4166 Drenx,
1037 4106 1066 4152 et
1078 4093 1109 4150 lit
1121 4089 1301 4150 incontinent

241 4183 354 4258 scavoir
370 4180 512 4242 amondit
524 4182 659 4260 seigneur
670 4183 787 4243 charles
801 4203 831 4244 sa
845 4203 940 4244 venue
951 4203 1005 4262 par
1019 4182 1084 4242 dela
1098 4193 1127 4241 et
1143 4182 1185 4240 les
1201 4198 1300 4239 causes

243 4271 372 4346 d’icelle,
388 4285 416 4332 et
429 4272 469 4331 lui
484 4271 587 4332 manda
603 4271 715 4330 mondit
728 4271 861 4353 seigneur
876 4273 994 4332 Charles
1006 4271 1075 4350 qu'il
1090 4271 1147 4329 sust
1161 4267 1300 4328 tres-bien
