3322 5172
594 531 702 588 unua
723 532 893 604 Qumrus.
1188 487 1265 594 'lor

217 677 386 761 tanquam
404 665 533 735 tutoris
559 688 621 735 seu
649 665 823 736 curatoris
846 663 1046 758 minorum,
1066 667 1187 740 omnia
1208 694 1272 766 per

216 795 327 852 totam
343 778 558 852 sabaudiam
575 778 925 854 administrabantur.
947 785 991 852 Et
1003 783 1053 853 sic
1064 801 1110 854 ex'
1119 807 1160 854 ea
1172 798 1270 881 parte

215 910 291 967 erat
310 896 393 968 duci
414 895 624 991 Burgundiae
646 896 828 970 exclusum
847 897 1036 993 effugium
1060 900 1220 972 similiter
1236 917 1271 973 et
1381 931 1403 968 .·

216 1035 259 1083 ex
277 1025 350 1083 tota
367 1012 559 1083 Germania
575 1025 609 1082 et
625 1012 847 1083 Suitensibus
863 1013 978 1094 terris.
1001 1017 1051 1084 Ex
1069 1030 1169 1113 parte
1184 1041 1269 1088 vero

216 1128 369 1198 Franciae
385 1143 419 1198 et
438 1127 741 1224 terrarumregis,
761 1151 840 1224 quae
858 1127 992 1222 majore
1011 1143 1169 1227 exparte
1186 1134 1271 1200 Bur·

217 1241 385 1336 gundiam
410 1244 692 1334 conterminant,
721 1244 829 1314 etiam
849 1244 1013 1340 pervium
1027 1243 1099 1315 sibi
1113 1246 1180 1317 iter
1195 1270 1271 1342 esse

216 1378 290 1426 non
317 1367 469 1453 poterat.
499 1361 550 1428 Ex
572 1357 680 1428 latere
703 1372 823 1429 autem
850 1359 1101 1457 Lotbaringiae,
1124 1386 1269 1458 uuam,

217 1486 364 1571 propter
379 1471 587 1559 babendum
605 1475 792 1545 transitum
811 1499 852 1544 ex
872 1475 1101 1548 inferioribus
1116 1479 1218 1549 terris
1234 1479 1271 1550 in

216 1589 469 1687 Burgundiam,
489 1592 563 1688 ipsc
580 1591 876 1686 Burgundionum
890 1590 962 1661 dux
979 1590 1111 1664 habere
1128 1618 1273 1691 magno·
1294 1644 1296 1650 -

215 1731 300 1805 pere
317 1707 522 1798 affectabat,
547 1708 665 1780 clausa
690 1708 756 1779 sibi
779 1721 854 1780 erat
877 1707 952 1795 via,
973 1708 1134 1803 eoquod
1154 1725 1190 1780 et
1211 1733 1273 1808 pa·

216 1823 309 1913 tria,
329 1835 369 1891 ut
392 1821 568 1910 diximus,
592 1821 636 1894 ab
661 1847 704 1894 eo
723 1821 924 1911 defecerat,
946 1836 981 1891 et
1006 1820 1076 1891 illic
1102 1820 1175 1920 dur
1196 1825 1272 1920 ipse

217 1935 450 2038 lotharingiae
466 1937 588 2034 copias
604 1952 823 2009 armatorum
840 1960 985 2033 magnas
1002 1936 1171 2010 babebat.

265 2056 309 2124 Et
329 2053 379 2123 sic
397 2053 489 2124 inter
508 2053 757 2150 hujuscemodi
776 2056 954 2150 angustias
975 2070 1176 2128 coarctatus
1199 2057 1271 2130 dux
1371 2093 1374 2096 ·

216 2167 448 2262 Burgundiae,
473 2193 545 2264 quo
568 2193 604 2242 se
621 2167 831 2259 diverteret,
851 2169 907 2240 vel
923 2194 1083 2266 quonam
1102 2172 1212 2242 modo
1229 2197 1272 2244 ex

215 2283 379 2355 Flandria
402 2300 437 2355 et
455 2285 616 2356 Picardia
639 2300 744 2382 utque
769 2284 845 2360 aliis
866 2287 967 2356 terris
997 2286 1069 2357 suis
1095 2286 1271 2388 inferiori-

216 2399 284 2471 bus
300 2400 355 2486 uel
372 2399 557 2498 pecunias,
576 2400 632 2470 vel
649 2399 814 2470 homines
832 2398 877 2470 ad
904 2398 1191 2496 supplementum
1217 2405 1273 2473 sui

217 2515 389 2586 exercitus
406 2514 538 2585 habere
555 2529 696 2610 posset,
719 2540 794 2587 non
811 2515 1027 2586 inveniebat.
1052 2520 1139 2602 Quae
1154 2543 1210 2588 res
1226 2519 1272 2589 ad

216 2629 401 2701 cumulum
424 2654 594 2726 magnum
612 2629 833 2701 miseriarum
851 2629 918 2702 sibi
934 2630 1203 2727 proveniebant.

264 2744 425 2816 Mittebat
455 2744 635 2816 interdum
664 2745 810 2815 nuntios
837 2744 1060 2842 etepistolas
1087 2744 1133 2816 ad
1161 2771 1269 2841 suos,

216 2877 312 2958 quos*
328 2863 365 2932 in
382 2861 547 2934 Flandria
565 2875 599 2932 et
616 2861 857 2956 adjacentibus
876 2863 1081 2960 provinciis,
1100 2887 1271 2960 procura-

218 2991 312 3050 tores
336 2978 493 3050 habebat
513 2993 548 3049 et
566 2977 757 3048 ministros.
783 2977 852 3048 Sed
875 3003 1001 3049 eorum
1021 3003 1158 3075 magna
1188 3005 1271 3079 pars

217 3094 263 3166 ab
285 3095 447 3167 hostibus
469 3094 526 3166 vel
555 3095 592 3164 in
619 3095 676 3164 via
699 3089 930 3183 necabantur,
956 3091 1012 3163 vel
1042 3093 1270 3171 abduceban-

218 3224 275 3281 tur
302 3211 444 3307 captivi.
474 3210 581 3298 Quod
606 3210 635 3280 si
659 3233 785 3280 eorum
806 3207 938 3304 aliqui,
963 3207 1271 3304 quemadmodum

217 3326 384 3426 possibile
408 3342 499 3417 erat,
528 3328 620 3397 inter
637 3340 691 3397 tot
716 3324 890 3398 audentes
911 3347 947 3394 se
970 3323 1133 3421 periculis
1165 3351 1270 3398 com-

218 3446 377 3532 mittere,
405 3441 525 3512 furtim
548 3467 612 3538 per
632 3440 783 3537 abrupta
798 3439 965 3511 itinerum
980 3463 1043 3510 seu
1065 3440 1193 3535 quovis
1208 3442 1273 3512 in-

220 3561 324 3657 genio
352 3580 480 3628 manus
509 3555 657 3626 hostiles
680 3555 853 3643 evadere,
880 3567 938 3642 et,
964 3552 1010 3624 ad
1041 3579 1131 3650 quos
1164 3554 1273 3627 desti-

219 3676 412 3761 nabantur,
435 3670 620 3768 pervenire
647 3669 865 3766 potuissent,
896 3682 972 3740 esto
999 3670 1116 3764 quod,
1143 3671 1272 3767 quibus

219 3791 462 3890 dirigebantur
478 3787 647 3859 mandata
668 3784 714 3856 de
736 3781 950 3856 insinuando
976 3784 1101 3856 eadem
1122 3786 1273 3858 subditis

220 3909 311 3997 suis,
332 3918 509 4004 quatenus
533 3903 570 3973 in
599 3901 648 3972 eis
678 3914 771 3991 erat,
798 3923 834 3970 se
860 3898 1003 3969 debito¹
1026 3899 1270 3991 absolverent,

221 4023 309 4094 nulli
326 4037 444 4096 tamen
462 4017 752 4119 provincialium,
772 4018 879 4089 etiam
895 4041 1021 4088 eorum
1041 4018 1104 4112 qui
1125 4033 1273 4116 propter

261 4259 290 4315 l.
312 4259 422 4315 Delicta
435 4254 507 4314 dans
520 4255 547 4336 le
561 4273 615 4312 ms.

380 4381 408 4420 11
1082 4359 1120 4417 26
