3282 5168
593 573 703 632 tmen
723 573 905 647 comeus.
1195 575 1280 631 mor

216 707 308 804 regis
325 703 474 777 suborta
492 704 628 794 fuisset,
658 703 836 808 adquam
861 705 1154 802 exstinguendam
1170 719 1277 803 atque

215 815 502 921 reprimendam,
527 820 573 893 de
588 821 772 918 superiore
795 821 1000 912 coenaculo,
1022 822 1057 892 in
1083 846 1156 918 quo
1174 834 1279 894 stete-

215 951 290 1023 rat,
318 936 366 1008 ad
394 935 561 1007 inferiora
591 934 857 1026 descendisset,
894 962 916 1008 a
948 934 1090 1007 militari
1120 938 1275 1008 tumultu

215 1052 320 1125 valde
344 1051 535 1143 crudeliter
560 1065 767 1150 peremptus
784 1051 1029 1148 laceratusque
1055 1051 1138 1135 luit,
1160 1050 1278 1123 multis

215 1167 402 1240 confossus
420 1167 641 1240 vulneribus.
668 1171 825 1239 Fuerunt
847 1165 1014 1238 nonnulli
1037 1167 1086 1239 ob
1113 1167 1184 1238 hoc
1209 1166 1276 1241 hu·

211 1281 371 1380 jusmodi
398 1283 480 1355 rixae
503 1298 539 1354 et
561 1283 669 1380 jurgii
695 1305 737 1355 ex
767 1283 969 1382 composito
1003 1282 1189 1370 studiosi²‚
1221 1293 1275 1373 ut,

217 1399 407 1471 occasione
439 1413 607 1497 accepta,
637 1396 683 1470 ad
711 1397 817 1469 talem
845 1399 955 1497 ipsius
985 1421 1111 1470 necem
1141 1398 1279 1469 venire-

216 1529 285 1585 tur.
310 1515 393 1586 Sine
416 1539 488 1611 qua
511 1516 618 1585 etiam
635 1515 710 1587 rixa
726 1526 889 1584 esserunt
915 1513 993 1608 alii,
1014 1539 1058 1585 ex
1078 1515 1280 1612 composito

216 1629 351 1729 impetu
368 1631 406 1700 in
429 1654 513 1702 eum
532 1630 646 1718 lacto,
667 1654 732 1727 per
756 1628 883 1700 milites
902 1630 938 1700 in
957 1629 1142 1726 superiore
1162 1653 1282 1702 coena·

216 1745 298 1817 culo
312 1744 460 1833 domus,
479 1746 515 1816 in
535 1769 605 1841 qua
622 1744 739 1817 stabat
761 1759 798 1817 et
818 1770 875 1834 se,
904 1758 1052 1842 propter
1080 1744 1188 1817 factas
1213 1744 1280 1818 sibi

217 1858 506 1958 pollicitationes,
536 1885 701 1933 securum
728 1885 804 1932 esse
829 1858 1050 1953 confidebat,
1072 1884 1154 1932 eum
1178 1862 1283 1933 luisse

217 1991 461 2075 peremptum,
478 1978 669 2076 pluresque
682 1977 728 2050 de
741 1980 813 2050 suis
829 1978 999 2050 militibus
1019 1993 1126 2074 atque
1146 1979 1282 2051 civibus

216 2091 320 2164 simili
337 2093 443 2165 luisse
459 2092 669 2166 crudelitate
683 2108 717 2165 et
733 2093 882 2193 pertidia
899 2119 1091 2193 oppressos
1107 2118 1150 2166 ac
1168 2119 1281 2168 neca·
1382 2181 1386 2192 Ι

216 2220 285 2278 tos.
306 2211 471 2296 Quorum
490 2223 610 2282 utrum
631 2210 749 2282 verius
772 2211 834 2298 sit,
851 2212 912 2306 qni
930 2211 977 2282 ad
993 2209 1168 2308 liquidum
1183 2237 1282 2285 com·

215 2337 358 2420 pertum
376 2348 451 2395 non
466 2324 663 2410 habemus,
683 2325 837 2398 diffinire
854 2351 929 2397 non
943 2327 1131 2399 audemus.

265 2441 413 2512 Constat
430 2456 548 2513 tamen
568 2441 704 2539 absque
722 2442 792 2513 ulla
806 2440 1041 2532 haesitatione,
1060 2442 1180 2540 quod,
1197 2469 1280 2516 cum

216 2557 371 2654 praestita
388 2555 453 2629 sibi
472 2558 678 2649 securitate,
696 2581 804 2654 quant
818 2555 992 2645 diximus,
1008 2557 1155 2656 pacifice
1167 2559 1283 2655 regios

216 2671 327 2744 duces
341 2686 449 2770 atque
466 2673 593 2744 milites
608 2674 645 2743 in
662 2675 841 2745 civitatem
858 2673 1075 2765 admisisset,
1092 2675 1282 2748 crudeliter

217 2811 410 2886 oppressus
422 2801 528 2885 atque
542 2788 735 2861 exstinctus
750 2787 832 2878 suit3
847 2787 1037 2885 quodque¹
1048 2789 1282 2887 postmodum

216 2902 279 2975 re'x
299 2920 334 2977 et
348 2906 479 2977 moenia
503 2919 537 2978 et
561 2901 693 2976 domos
708 2905 817 2976 totius
842 2903 1009 2995 civitatis,
1031 2919 1158 3005 praeter
1172 2906 1283 2980 eccle·

216 3018 322 3108 siam,
343 3020 437 3092 dirui
460 3035 567 3119 atque
593 3018 758 3092 demoliri
780 3018 878 3091 lecit:
901 3018 1023 3116 quod,
1043 3033 1217 3118 quantum
1239 3046 1281 3094 ex

216 3132 353 3208 boniet
368 3136 459 3235 aequi
477 3135 596 3209 officio
610 3135 782 3236 principis
798 3136 836 3207 id
850 3135 991 3208 efficere
1006 3135 1190 3222 debuerit,
1205 3138 1282 3234 ipse

217 3250 362 3324 viderit.-

267 3373 309 3440 Et
330 3369 401 3441 hoc
420 3370 532 3442 modo
560 3370 645 3442 dicti
670 3370 811 3443 comitis
842 3368 1001 3468 flagitiis,
1031 3367 1223 3443 sceleribus
1248 3386 1283 3444 et
1385 3395 1389 3404 ’

217 3486 350 3584 rapinis
373 3485 453 3557 finis
476 3486 665 3583 impositus
683 3486 760 3559 tuit.
786 3487 857 3573 Qui
880 3487 1063 3586 prosectu,
1091 3512 1158 3587 pro
1175 3488 1283 3560 male·

217 3602 393 3677 factorum
406 3603 634 3676 multitudine
647 3617 683 3676 et
697 3601 963 3699 magnitudine,
980 3627 1059 3701 quae
1070 3603 1279 3694 admiserat,

217 3722 274 3816 vix
295 3721 401 3794 nimis
424 3743 546 3792 severe
563 3720 682 3820 puniri
702 3719 892 3818 potuisset3
921 3720 983 3792 sed
1009 3719 1107 3820 quod
1136 3720 1183 3792 ad
1206 3721 1282 3818 ejus

217 3837 448 3935 supplicium,
469 3835 699 3934 quantumvis
715 3833 809 3932 juste
825 3837 1097 3934 promeruisset,
1115 3859 1199 3908 cum
1219 3835 1281 3908 tali

217 3955 422 4054 proditione
447 3969 554 4054 atque
579 3952 728 4055 perfidia
751 3965 965 4052 perventum
987 3952 1112 4046 fuerit,
1137 3953 1279 4028 anullo

173 4143 175 4147 '
258 4141 287 4194 t.
310 4133 400 4213 llya
416 4153 521 4194 encore
536 4153 594 4194 une
615 4131 809 4192 incorrection
822 4131 861 4192 de
872 4145 950 4194 texte
970 4132 1043 4192 dans
1063 4145 1136 4193 cette
1157 4132 1279 4212 phrase,

218 4227 258 4284 ob
271 4224 292 4282 il
307 4222 434 4312 faudrait
449 4223 542 4303 plutdt
556 4223 611 4284 lire
621 4227 727 4281 Ferunt
739 4227 938 4287 marullus...
954 4224 1044 4298 fuisse
1056 4225 1201 4310 studiosos.

258 4315 289 4374 2.
314 4317 424 4391 Quique
437 4313 509 4372 dans
521 4313 548 4372 le
562 4331 615 4375 ms.
