3014 5010
502 479 612 537 nmen
633 477 815 551 Quassus.
1105 477 1190 534 ·aoa

123 615 216 712 regis
233 610 383 685 suborta
401 611 537 699 fuisset,
566 609 611 681 ad
636 634 746 707 quam
771 609 1063 705 exstinguendam
1080 623 1187 705 atque

124 726 411 830 reprimendam,
436 725 482 798 de
497 726 680 824 superiore
704 724 910 814 coenaculo,
932 726 967 795 in
992 750 1066 822 quo
1084 738 1189 796 stete-

124 860 199 932 rat,
228 844 275 916 ad
304 841 471 913 inferiora
500 840 766 930 descendisset,
804 866 825 912 a
858 839 1000 911 militari
1031 840 1185 912 tumultu

125 960 230 1035 valde
253 959 444 1052 crudeliter
470 971 676 1056 peremptus
693 957 938 1052 laceratusque
965 957 1048 1039 luit,
1070 954 1189 1027 multis

125 1076 311 1149 confossus
330 1073 550 1145 vulneribus.
577 1077 735 1145 Fuerunt
756 1070 924 1143 nonnulli
947 1072 997 1143 ob
1023 1071 1094 1142 hoc
1120 1070 1187 1141 hu·

121 1191 280 1289 jusmodi
307 1191 389 1263 rixae
412 1203 448 1261 et
470 1189 577 1286 jurgii
604 1213 646 1261 ex
676 1189 879 1287 composito
913 1185 1099 1274 studiosi¹,
1132 1198 1186 1276 ut,

126 1307 316 1379 occasione
348 1320 516 1404 accepta,
546 1304 592 1377 ad
620 1302 727 1376 talem
755 1305 864 1402 ipsius
895 1327 1021 1374 necem
1050 1303 1189 1373 venire-

125 1437 193 1495 tur.
219 1423 302 1493 Sine
324 1446 396 1519 qua
420 1423 527 1492 etiam
544 1421 619 1492 rixa
636 1433 799 1491 asserunt
825 1419 903 1512 alii,
924 1445 967 1491 ex
988 1419 1190 1516 composito

124 1538 260 1637 impetu
278 1540 315 1610 in
338 1562 422 1609 eum
441 1537 556 1625 sacto,
578 1559 642 1634 per
666 1534 794 1606 milites
812 1536 848 1606 in
867 1535 1052 1632 superiore
1072 1557 1192 1605 coena-

124 1654 207 1727 culo
220 1654 369 1742 domus,
389 1654 425 1723 in
444 1675 515 1748 qua
532 1651 649 1723 stabat
671 1665 785 1739 etse,
814 1665 963 1749 propter
990 1649 1098 1722 saetas
1124 1648 1191 1721 sibi

126 1767 416 1868 pollicitationes,
445 1791 610 1840 securum
638 1791 714 1838 esse
739 1765 1193 1858 conlidebat,eumli1isse

126 1899 370 1983 peremptum,
389 1885 578 1984 pluresque
592 1885 638 1957 de
651 1887 724 1956 suis
739 1884 909 1957 militibus
929 1899 1036 1980 atque
1056 1884 1193 1956 civibus

125 2000 230 2071 simili
247 2001 353 2072 luisse
369 2001 578 2074 crudelitate
593 2017 626 2072 et
643 2000 792 2099 perfidia
809 2025 1001 2101 oppressos
1018 2025 1059 2072 ac
1078 2026 1192 2074 neca·
1292 2088 1297 2099 ·

127 2128 195 2186 tos.
216 2118 380 2203 Quorum
399 2131 519 2190 utrum
542 2119 659 2189 verius
682 2119 744 2204 sit,
760 2120 822 2214 qui
840 2119 887 2189 ad
903 2117 1078 2214 liquidum
1093 2143 1192 2190 com·

126 2244 268 2328 pentum
286 2257 361 2303 non
376 2232 573 2318 habemus,
593 2233 747 2305 diffinire
764 2259 839 2304 non
853 2233 1042 2305 audemus.

175 2349 323 2420 Constat
340 2364 459 2420 tamen
479 2349 614 2446 absque
632 2349 703 2420 ulla
717 2348 952 2437 haesitatione,
970 2350 1090 2445 quod,
1107 2376 1191 2422 cum

127 2465 281 2562 praestita
299 2463 363 2536 sibi
382 2465 588 2556 securitate,
606 2488 715 2562 quam
729 2463 903 2551 diximus,
918 2463 1065 2563 pacifice
1078 2466 1193 2560 regios

127 2578 237 2651 duces
252 2596 359 2678 atque
376 2580 504 2652 milites
520 2583 555 2652 in
573 2582 751 2653 civitatem
769 2581 986 2671 admisisset,
1003 2581 1193 2654 crudeliter

127 2719 320 2794 oppressus
333 2711 439 2794 atque
453 2697 646 2768 exstinctus
660 2694 742 2785 luit3
758 2695 948 2792 quodque'
961 2695 1193 2793 postmodum

126 2812 189 2882 rex
209 2828 245 2884 et
258 2814 390 2884 moenia
414 2828 447 2885 et
472 2813 602 2884 domos
619 2813 728 2883 totius
753 2812 920 2900 civitatis,
941 2826 1069 2912 praeter
1083 2812 1194 2884 eccle·

126 2925 232 3016 nam,
253 2927 347 2999 dirui
371 2943 478 3026 atque
504 2926 668 2999 demoliri
691 2926 789 2998 lecit:
812 2927 934 3022 quod,
954 2940 1128 3023 quantum
1150 2953 1192 3000 ex

126 3039 216 3115 boni
230 3058 264 3114 et
278 3044 369 3141 aequi
387 3043 507 3115 officio
522 3043 693 3142 principis
709 3043 747 3113 id
761 3043 902 3114 efficere
918 3042 1100 3127 debuerit,
1116 3044 1194 3140 ipse

127 3157 265 3230 viderit.

177 3279 219 3347 Et
240 3276 312 3347 boc
331 3276 443 3348 modo
471 3277 556 3348 dicti
581 3277 721 3348 comitis
753 3276 911 3373 flagitiis,
942 3275 1134 3349 sceleribus
1159 3292 1195 3349 et
1296 3301 1300 3308 ·

127 3393 262 3490 rapinis
284 3391 365 3463 finis
387 3394 575 3490 impositus
593 3393 670 3465 tuit.
697 3393 768 3479 Qui
791 3393 973 3491 prolecto,
1002 3418 1068 3492 pro
1086 3393 1194 3465 male·

129 3509 304 3583 factorum
317 3509 546 3581 multitudine
560 3523 595 3581 et
609 3508 874 3605 magnitudine,
891 3536 970 3608 quae
981 3509 1190 3599 admiserat,

128 3627 186 3700 vix
207 3627 313 3699 nimis
335 3650 458 3697 severe
475 3627 594 3725 puniri
614 3626 803 3724 potuisset;
832 3627 895 3697 sed
920 3626 1018 3726 quod
1047 3626 1093 3698 ad
1117 3628 1193 3723 ejus

129 3741 360 3840 supplicium,
380 3741 611 3839 quantumvis
626 3740 721 3837 juste
738 3743 1009 3840 promeruisset,
1027 3766 1110 3813 cum
1131 3742 1192 3814 tali

128 3860 334 3958 proditione
358 3874 465 3958 atque
491 3858 641 3960 perfidia
664 3872 876 3957 perventum
898 3860 1024 3952 luerit,
1048 3859 1191 3933 anullo

169 4046 198 4099 t.
221 4039 246 4098 11
261 4058 310 4118 ya
327 4058 433 4099 encore
448 4059 507 4099 une
527 4037 721 4098 incorrection
734 4037 772 4098 de
785 4051 862 4099 texte
882 4039 954 4098 dans
975 4050 1048 4099 cette
1069 4038 1190 4118 phrase,

129 4132 169 4189 od
183 4129 203 4187 il
218 4128 344 4188 faudrait
361 4128 454 4208 plntdt
469 4127 523 4188 lire
533 4132 639 4187 Ferunt
651 4133 850 4192 nonnullos...
866 4130 956 4204 fuisse
968 4131 1113 4217 studiosos.

169 4221 200 4279 2.
224 4223 335 4296 Quaque
348 4218 420 4278 dans
434 4217 461 4277 le
474 4237 528 4281 ms.
