3384 5184
365 537 424 596 m
636 534 892 594 fflstottlantut
913 537 1093 594 LUDOVICI
1112 537 1156 594 XI

362 669 445 744 loco
473 667 733 764 aliquantulum
757 681 957 740 remoratus
982 667 1103 740 luisset
1128 691 1250 740 comes
1270 668 1317 742 de
1336 669 1427 741 cta-

363 784 487 874 rolois,
506 798 621 856 castra
638 783 767 876 movit,
784 796 820 855 et
837 782 883 854 ad
901 781 1020 855 villam
1038 782 1083 854 de
1101 785 1292 882 Stampis⁸‚
1310 786 1430 858 inillis

362 901 470 974 vastis
488 900 610 974 Belciae
627 898 899 998 campestribus,
925 923 962 970 se
983 901 1118 998 recepit
1127 903 1150 970 ²,
1170 899 1225 972 ld
1238 925 1349 998 quem
1366 901 1429 995 illo

362 1041 400 1090 se
429 1016 627 1112 junxerunt
653 1015 838 1086 Britonum
868 1013 940 1084 dux
971 1039 1056 1086 cum
1093 1039 1160 1086 suo
1187 1016 1363 1108 exercitu,
1392 1029 1429 1088 et

363 1131 532 1218 domiuus
559 1131 726 1220 Carolus,
756 1153 946 1226 germanus
963 1131 1074 1227 regis,
1101 1155 1185 1203 cum
1208 1133 1339 1204 comite
1354 1137 1430 1204 Du-

363 1249 465 1322 nensi
490 1262 526 1321 et
543 1247 621 1318 aliis
635 1245 798 1345 pluribus
814 1245 976 1342 ejusdem
993 1248 1176 1338 factionis3
1195 1249 1257 1345 qui
1275 1249 1346 1322 illic
1362 1275 1427 1348 per

362 1363 439 1438 dics
465 1363 671 1463 quindecim
697 1375 732 1433 et
757 1362 909 1461 amplius
932 1361 1165 1436 substiterunt
1191 1366 1308 1438 otiosi.
1339 1369 1427 1454 Qua

363 1479 567 1580 repausatio
595 1479 665 1568 eis,
694 1477 820 1576 procul
843 1477 978 1563 dubio,
1008 1494 1043 1550 et
1076 1479 1221 1576 negotio
1249 1479 1298 1551 ob
1326 1481 1427 1578 quod

363 1595 582 1668 advenerant
605 1591 937 1693 perficiendumque
963 1609 1245 1694 proposuerant,
1271 1620 1346 1668 non
1366 1621 1428 1698 pa-

364 1735 443 1784 rum
470 1712 644 1784 damnosa
669 1724 776 1807 atque
801 1711 1033 1784 incommoda
1058 1712 1201 1786 exstitit.
1225 1715 1305 1786 Non
1328 1715 1426 1786 enim

365 1831 504 1904 interim
536 1855 596 1903 rex
632 1829 766 1926 quievit
795 1842 856 1900 aut
880 1827 984 1901 serias
1012 1829 1105 1927 egita
1135 1829 1218 1922 sed,
1247 1845 1427 1928 quotquot

366 1960 523 2046 poterat,
559 1970 602 2018 ex
629 1943 799 2017 militibus
825 1946 897 2017 suis
920 1945 1017 2018 susos
1044 1970 1086 2018 ac
1111 1945 1292 2046 dispersos
1318 1946 1365 2018 ad
1388 1971 1427 2019 se

365 2087 531 2138 revocare
545 2076 580 2134 et
593 2059 759 2158 colligere
772 2084 989 2162 magnopere
999 2061 1193 2158 satagebat.
1209 2061 1425 2135 Adveniens·

363 2202 434 2277 que
451 2176 594 2250 interim
614 2175 918 2272 Rothouragum⁸,
946 2191 1058 2248 totam
1077 2177 1304 2248 Normanniae
1321 2176 1427 2249 uobi-

363 2293 498 2366 litatem
521 2307 556 2364 et
583 2291 700 2364 officia
722 2317 958 2390 quaecumquc
983 2291 1051 2364 sub
1073 2316 1111 2364 se
1133 2290 1320 2379 habentes,
1341 2316 1427 2364 cum

364 2407 493 2484 francis
516 2411 722 2510 sagittariis*
743 2405 1093 2510 aliisque'peditibus
1111 2407 1252 2499 multis,
1271 2410 1307 2481 iu
1328 2433 1426 2480 cam-

363 2552 429 2628 pos
458 2527 576 2616 duxit,
608 2541 703 2600 etse
732 2529 834 2626 sequi
862 2551 1016 2626 propere
1044 2525 1197 2598 Parisios
1221 2525 1422 2624 imperarit.

361 2647 443 2732 Quo
472 2665 556 2716 cum
582 2645 783 2717 revertisset
805 2667 849 2718 ex
875 2642 1133 2736 Normaunia‘,
1158 2663 1304 2716 omnem
1333 2640 1425 2713 mili·

362 2759 447 2830 tiam
469 2784 578 2858 quam
593 2761 759 2860 colligere
774 2761 1028 2858 undecumque
1044 2773 1225 2858 potuerat,
1243 2757 1294 2829 ibi
1310 2755 1423 2830 collo-

361 2873 466 2947 cavit.

716 3143 975 3216 CAPlTULUlll
999 3145 1059 3215 Vl.

371 3345 525 3418 uQuomodo
538 3348 671 3424 principer
682 3352 873 3426 conjurationis
885 3363 967 3404 castra
981 3369 1027 3404 oua
1040 3351 1116 3424 juxta
1127 3349 1222 3403 urbem
1233 3345 1406 3404 parisiensem

424 3427 588 3500 locaverunt,
601 3445 626 3486 et
637 3433 714 3504 quala
726 3431 864 3488 consilium
876 3450 923 3486 rex
936 3449 951 3486 e
963 3429 1157 3486 Mediolanensi
1167 3427 1236 3485 duce
1246 3429 1357 3504 accepit.

411 3605 799 3710 Appropinquaverunt
814 3624 934 3684 autem
951 3625 986 3684 ct
1001 3609 1181 3710 principes
1190 3607 1319 3708 singuli
1335 3631 1424 3708 prae·

362 3721 556 3818 nominati,
569 3753 653 3802 oum
664 3729 736 3802 suis
745 3727 959 3802 exercitibus
969 3741 1005 3800 et
1018 3727 1131 3828 copiis
1140 3779 1151 3816 ‚
1168 3725 1295 3800 urbem
1308 3725 1424 3825 ipsam

406 3933 434 3988 t.
457 3915 603 4014 Etempaa.

400 4023 429 4082 1.
454 4025 495 4082 Le
514 4025 551 4082 tt
565 4021 671 4098 juillet.
922 4067 923 4076 a
1203 4042 1208 4061 ἰ

399 4115 426 4172 ³.
450 4111 473 4170 ll
488 4112 575 4192 partit
591 4109 629 4170 de
643 4109 725 4170 Paris
741 4129 816 4189 pour
831 4109 904 4170 aller
917 4114 933 4170 t
947 4116 1050 4172 llouen
1067 4111 1094 4170 la
1113 4112 1149 4172 to
1166 4109 1246 4171 ¹aorlt.

400 4203 430 4262 l.
453 4203 506 4260 Les
522 4201 617 4262 tranas
630 4199 757 4260 erchem.

403 4293 431 4348 ll.
455 4290 494 4346 28
508 4292 587 4350 aorlt.
