3402 5186
351 491 368 544 a
624 481 880 540 msaoatautuu
900 485 1078 542 LUDOVICI
1105 483 1149 539 xl

348 618 415 691 sibi
441 617 610 689 amicitias
638 616 900 712 conquisierat,
917 665 918 668 =
936 640 1010 687 uon
1041 614 1176 712 absque
1203 615 1328 715 eapitis
1356 613 1411 688 sui

350 732 635 828 multorumque,
655 733 714 828 qui
733 757 815 802 eum
833 745 1016 831 receptare
1031 733 1068 803 in
1086 731 1236 804 diversis
1256 732 1412 805 latibulis

349 848 424 920 ausi
443 847 601 935 suerunt,
627 847 761 939 ingenti
778 845 998 932 discrimine,
1020 872 1084 945 per
1100 846 1248 943 aliquod
1272 862 1412 947 tempus
1474 857 1484 919 Σ

349 964 488 1040 delituit
512 962 579 1034 sub
605 961 826 1034 dissimulato
851 961 993 1048 babitu,
1026 963 1165 1040 diversa
1186 963 1267 1035 loca
1285 988 1410 1061 perva-

347 1093 466 1175 gatus3
482 1101 569 1148 nam
583 1071 762 1174 nusquam
774 1074 856 1148 loco
867 1102 940 1148 uno
952 1077 1016 1148 diu
1030 1077 1139 1150 latere
1154 1091 1307 1177 poterat,
1325 1098 1409 1150 cum

352 1221 452 1298 perte
467 1194 600 1291 ubique
614 1195 891 1293 perquireretur,
905 1209 938 1265 et
957 1219 1040 1269 eum
1059 1194 1412 1293 apprehendentibus

351 1313 515 1412 praemia,
546 1309 813 1409 receptantibus
840 1334 925 1380 vero
948 1324 983 1380 et
1011 1310 1207 1382 celantibus
1225 1334 1309 1407 eum
1327 1336 1412 1410 sup-

350 1428 454 1528 plicia
491 1425 614 1498 edictis
656 1425 834 1523 regalibus
876 1426 1021 1525 publice
1056 1428 1240 1525 proposita
1280 1440 1409 1498 essent.

350 1544 480 1632 Quales
498 1569 585 1614 vero
599 1543 711 1616 exitus
730 1544 879 1640 quisque
899 1567 1044 1633 eorum,
1063 1557 1255 1640 postquam
1271 1541 1352 1614 talla
1367 1542 1414 1613 de

351 1661 441 1758 regis
458 1659 708 1732 benevolentia
725 1660 959 1758 percepisset,
978 1659 1155 1730 invenerit
1166 1713 1176 1748 ,
1203 1670 1326 1758 postea
1346 1680 1413 1728 suo

317 1775 477 1884 “ordine
493 1775 677 1846 referetur.

400 1897 525 1963 Factus
535 1891 642 1987 igitur
655 1913 814 1977 securus,
832 1901 867 1960 et
879 1890 964 1985 quia
981 1888 1100 1962 nullus
1110 1888 1155 1961 ad
1169 1888 1415 1962 contradicen-

352 2008 439 2079 dum
457 2006 682 2078 coronationi
698 2029 769 2078 suae
786 2002 930 2076 auderet
949 2029 986 2076 se
1002 2005 1174 2104 ingerere,
1193 2020 1228 2076 et
1243 2005 1415 2103 quoniam

355 2122 523 2194 militares
537 2121 650 2218 copiae
662 2121 771 2218 patris
785 2134 959 2220 promptae
971 2122 1017 2193 ad
1030 2122 1273 2194 obediendum
1283 2134 1414 2211 essent,

355 2238 487 2311 eisdem
506 2238 609 2313 novis
634 2237 787 2308 ducibus
808 2263 870 2309 seu
891 2239 1083 2336 capitaneis
1102 2239 1236 2334 majore
1254 2263 1297 2310 ex
1317 2251 1417 2336 parte

356 2354 578 2443 commissis,
614 2353 659 2424 ad
683 2353 807 2425 urbem
830 2357 1065 2443 Remensem,
1096 2356 1132 2425 in
1159 2379 1229 2450 qua
1253 2353 1417 2425 demere

356 2474 574 2541 Francorum
594 2491 692 2568 reges
716 2469 839 2568 inungi
860 2469 997 2558 solent,
1017 2459 1232 2566 quantocius
1248 2468 1417 2541 accedere

357 2585 544 2657 festinavit.
1285 2645 1288 2652 .
1334 2681 1336 2687 Ι
1443 2577 1445 2584 ⁴

407 2701 460 2774 td
472 2727 580 2800 quam
591 2728 634 2774 ex
651 2702 852 2792 Brabantia,
864 2700 959 2774 illius
970 2699 1113 2772 illustris
1124 2698 1419 2796 Burgundionum

358 2818 459 2890 ducis
486 2819 639 2917 Philippi
671 2818 857 2915 praesentia
890 2817 1101 2913 comitisque
1131 2814 1178 2887 de
1212 2815 1417 2899 Clearolois,

360 2937 435 3030 ejus
452 2934 514 3004 filii
534 2935 650 3024 unici,
677 2933 884 3028 ingentique
904 2954 1094 3031 procerum
1119 2947 1225 3031 atque
1244 2931 1419 3003 nobilium

245 3049 249 3060 ’
361 3050 524 3120 omnium
549 3063 723 3120 terrarum
752 3071 898 3117 suarum
922 3047 1170 3121 honestissima
1194 3047 1427 3128 multitudiue.

361 3165 523 3262 stipatus,
543 3186 626 3234 cum
642 3161 828 3233 transitum
842 3161 983 3255 laceret,
1002 3163 1098 3260 apud
1116 3163 1290 3263 oppidum
1310 3168 1421 3234 Aven-

362 3279 603 3368 nis·Comitis,
634 3278 671 3348 in
696 3278 927 3369 Hannonia¹,
946 3281 1056 3376 patris
1072 3280 1257 3377 exsequias
1272 3293 1305 3350 et
1322 3300 1422 3351 sacra

282 3425 300 3459 ·.
351 3391 496 3464 ,funeris
520 3393 709 3493 persolvit3
740 3407 814 3464 tam
843 3418 928 3464 vero
957 3396 1054 3465 tenui
1077 3408 1113 3466 et
1137 3394 1217 3467 exili
1234 3417 1369 3493 pompa
1385 3407 1421 3466 et

365 3509 545 3607 impensa¹
562 3524 613 3597 ut,
632 3508 774 3606 qualem
792 3508 837 3580 ad
853 3510 1211 3598 viventemallectunr
1226 3509 1420 3603 habuisset,

364 3628 446 3699 satis
463 3649 504 3695 ex
522 3625 594 3697 lroc
611 3628 686 3725 ipse
702 3625 883 3700 indicavit.
904 3613 1087 3715 Quantum
1101 3650 1187 3699 vero
1204 3627 1339 3698 luctum
1356 3652 1422 3727 pro

366 3741 453 3812 tanti
467 3741 623 3813 carentia
634 3741 742 3838 patris
757 3755 791 3811 et
803 3741 904 3813 obitu
917 3742 1111 3813 introrsum
1127 3741 1271 3813 duceret
1285 3742 1421 3832 enimc,

365 3855 585 3942 dissimulare
607 3882 681 3927 uon
703 3857 842 3956 potuit,
869 3847 1035 3957 qui'ipso
1060 3857 1308 3955 exsequiarum
1338 3857 1420 3950 dic,

408 4055 433 4110 l.
461 4076 473 4100 ιι
486 4047 791 4121 Avesnes·le-Comte,
809 4067 845 4106 en
860 4047 995 4107 llainaut.
1007 4074 1020 4099 n

404 4137 433 4196 Ξ.
456 4136 647 4218 Exegeration
662 4136 732 4195 dont
744 4155 784 4194 ou
800 4157 830 4196 se
850 4135 1024 4194 couvaincra
1044 4154 1081 4192 en
1100 4134 1185 4194 lisant
1207 4135 1235 4194 la
1249 4134 1425 4216 description

365 4243 421 4302 que
435 4228 564 4307 Georges
576 4225 738 4287 chastelain
755 4245 772 4283 a
785 4225 899 4284 donnae
913 4224 950 4283 de
963 4236 1037 4283 cette
1050 4224 1223 4284 ceremonie.
