3402 5186
645 506 756 563 LIBER
775 506 924 563 PRIMUS.
1277 510 1310 565 tt

261 640 298 709 in
313 652 389 710 toto
405 638 573 710 comitatu
588 661 653 710 suo
671 651 846 710 trecentos
859 662 919 708 rex
932 637 1067 732 equites
1080 635 1213 708 habere
1227 637 1315 707 lere·

261 752 378 825 batur.
406 758 449 824 Et
473 752 704 825 nihilominus
728 755 911 825 Gallorum
937 753 1127 843 exercitus,
1155 755 1313 850 quinon

261 893 369 967 supra
390 892 581 940 numerum
603 893 662 940 sex
684 868 833 939 millium
852 869 1011 939 virorum
1033 883 1123 957 erat,
1147 868 1316 939 audacter

261 987 474 1085 locupletem
500 986 596 1058 illam
620 988 843 1084 nimiumque
868 983 1058 1083 superbam
1082 987 1314 1056 Barcinonam

262 1127 368 1174 ausus
392 1117 443 1175 est
467 1102 646 1196 obsidere,
674 1105 857 1199 tenuitque
888 1102 1070 1174 obsessam
1094 1106 1130 1172 in
1154 1103 1316 1174 maximis
1389 1101 1391 1112 '

261 1218 388 1289 estatis
410 1217 588 1290 caloribus
608 1243 672 1316 per
693 1217 768 1290 dies
793 1216 1057 1315 septemdecim.
1087 1221 1182 1288 Intra
1208 1240 1316 1312 quam

261 1358 343 1405 cum
358 1333 514 1432 populus
528 1335 701 1406 maximus
714 1349 815 1418 esset,
831 1349 865 1406 et
880 1335 941 1430 qui
956 1333 1002 1405 ad
1016 1336 1194 1428 sexaginta
1207 1335 1316 1406 millia

261 1450 420 1520 virorum
437 1450 624 1521 ferentium
641 1475 740 1522 arma
757 1449 803 1522 ab
820 1451 978 1548 ipsismet
993 1449 1184 1521 ascendere
1202 1451 1311 1546 jacta-

262 1562 385 1656 batur,
414 1590 599 1663 nunquam
627 1581 746 1638 tamen
777 1589 859 1636 cum
892 1579 964 1635 tam
993 1589 1101 1662 parva
1134 1564 1318 1640 Gallorum

263 1703 371 1753 manu
400 1681 436 1750 in
462 1695 623 1778 apertum
646 1680 814 1752 dimicare
838 1679 893 1750 vel
917 1680 1087 1776 congredi
1113 1682 1189 1751 ausi
1216 1698 1313 1768 sunt;

262 1794 325 1865 sed
340 1820 377 1867 se
393 1797 487 1868 intra
502 1822 566 1869 sua
581 1797 713 1868 moenia
727 1795 972 1886 continebant,
990 1797 1038 1867 ita
1052 1810 1091 1867 ut
1103 1799 1210 1868 etiaur
1227 1822 1318 1867 non-

266 1910 379 1983 nullas
397 1911 442 1982 de
458 1913 570 2009 portis
590 1913 679 2002 suis,
702 1926 799 1983 metu
821 1926 987 2008 cogente,
1009 1936 1113 1982 muro
1130 1910 1318 1984 obserave-

263 2025 347 2096 rint.
370 2032 413 2096 Et
431 2029 459 2100 si
479 2028 623 2125 quando
646 2027 759 2125 (quod
782 2027 890 2099 semel
910 2041 1046 2098 tantum
1067 2041 1129 2098 aut
1150 2027 1222 2120 bis,
1250 2054 1317 2101 nec

262 2140 406 2239 pluries,
424 2146 469 2216 ab
480 2145 563 2243 ipsis
571 2159 781 2217 attentatum
792 2144 894 2215 luisse
908 2144 1100 2239 serebatur)
1113 2142 1222 2240 aliqui
1235 2170 1316 2241 por·

263 2257 307 2327 tis
323 2260 522 2358 eruperint,
542 2262 704 2359 protinus
723 2259 859 2357 excepti
877 2283 898 2331 a
915 2258 1041 2347 Gallis,
1062 2259 1140 2330 caesi
1158 2260 1213 2331 vel
1231 2259 1314 2352 lusi,

264 2372 353 2468 lugae
366 2376 611 2470 ignominiosae
625 2374 789 2472 praesidio
803 2399 877 2446 sese
891 2375 981 2445 intra
997 2376 1128 2446 moenia
1142 2400 1203 2447 sua
1221 2401 1318 2472 urge·

263 2487 394 2562 bantur
410 2493 579 2590 recipere.

312 2607 589 2679 Decurrentibus
617 2620 735 2677 autem
767 2605 833 2675 illis
862 2604 1009 2694 diebus,
1045 2603 1175 2702 quibus
1204 2621 1318 2680 castra

263 2720 448 2794 Gallorum
471 2724 571 2819 juxta
600 2723 778 2793 civitatem
809 2736 1033 2808 manserunt,
1069 2721 1127 2790 vix
1155 2719 1318 2792 aestimari

263 2837 436 2909 damnum
450 2854 569 2937 posset
585 2839 683 2935 quod
696 2837 833 2910 civibus
847 2838 884 2907 in
897 2836 1070 2909 incendiis
1083 2838 1319 2934 pretiosarum

263 2951 426 3024 villarum
447 2969 482 3023 et
502 2953 672 3024 arborum
694 2951 971 3043 fructiferarum,
992 2953 1187 3048 vitiumque
1206 2954 1317 3024 succi·

263 3068 421 3141 sionibus
444 3071 573 3142 exstitit
595 3071 805 3165 irrogatum,
834 3070 1018 3166 potissime
1042 3068 1088 3140 ab
1114 3067 1170 3139 his
1191 3068 1253 3165 qui
1274 3067 1319 3140 de

263 3187 433 3258 comitatu
455 3187 554 3259 etde
575 3188 741 3258 societate
763 3187 853 3282 regis
875 3189 1077 3281 aragonum
1095 3199 1207 3256 erant.
1227 3188 1318 3256 Cum

264 3303 359 3373 enim
382 3302 513 3375 acerbo
535 3317 569 3374 et
592 3301 804 3400 implacabili
820 3326 921 3400 paene
945 3301 1030 3372 odio
1054 3302 1148 3372 cives
1171 3301 1319 3374 rebelles

264 3415 452 3506 haberent,
478 3417 608 3490 nullius
630 3417 685 3488 vel
709 3417 847 3488 sedium
872 3416 926 3487 vel
955 3416 1319 3515 arborumspeciosi·

265 3538 325 3606 tati
346 3562 407 3608 seu
426 3537 567 3609 utilitati
587 3533 781 3633 parcebant
801 3561 808 3603 :
829 3535 875 3605 ita
902 3534 999 3631 quod
1022 3534 1143 3605 omnia
1166 3535 1318 3606 circum·

264 3650 357 3720 circa
372 3651 548 3723 civitatem
564 3650 707 3749 palatia,
725 3674 803 3746 quae
820 3664 855 3720 et
872 3649 1025 3747 plurima
1043 3662 1077 3720 et
1096 3651 1318 3721 ornatissima

265 3779 381 3857 erant,
403 3767 501 3862 igne,
525 3765 660 3862 absque
683 3765 908 3852 miseratione
929 3764 1064 3859 aliqua,
1089 3765 1315 3863 popularent.

265 3881 309 3949 Et
332 3880 362 3950 si
392 3905 512 3952 secum
539 3882 714 3954 advehere
739 3880 936 3978 potuissent
961 3878 1050 3952 Galli
1078 3879 1315 3973 bombardaS,

265 3993 394 4092 quibus
407 3997 442 4067 in
463 3995 604 4068 urbium
622 4012 657 4068 et
672 4010 870 4070 castrorum
886 3997 1146 4093 expugnatione
1166 3999 1216 4069 uti
1232 4022 1318 4069 con·

265 4125 472 4204 sueverunt,
496 4111 552 4188 vel
575 4113 681 4184 etiam
702 4133 883 4183 annonam
905 4110 951 4183 ad
979 4110 1225 4186 sufficientiam
1251 4139 1317 4211 pro

264 4252 302 4299 se
317 4241 353 4300 et
369 4229 469 4325 equis
483 4224 615 4298 habere
631 4227 846 4323 potuissent,
867 4253 940 4300 non
956 4227 1159 4326 ambigitur,
1180 4228 1317 4302 civibus
