3402 5186
652 529 762 589 LIBER
780 529 930 588 ennius.
1281 532 1316 589 'll

259 665 374 742 missis
384 663 432 748 ad
446 661 604 762 singulos
621 660 693 734 suis
709 659 880 760 epistolis,
899 675 1042 734 mutuas
1057 661 1227 761 pecuniam
1242 686 1322 734 exe·

220 779 224 786 ’
259 782 326 880 git,
348 779 395 852 ab
412 803 486 852 uno
506 778 615 867 mille,
634 775 680 850 ab
698 776 770 850 alio
789 777 864 849 duo
880 777 1011 862 millia,
1031 777 1112 877 plus
1131 778 1187 852 vel
1205 780 1324 852 minus

259 895 373 998 prout
383 898 555 994 cujusque
572 893 753 968 facultates
768 892 929 966 sufficere
946 893 1177 992 putabantur.
1196 897 1226 966 Α
1243 894 1324 967 civi·

259 1012 327 1086 bus
338 1013 446 1108 etiam
463 1009 758 1108 locupletioribus
771 1023 807 1082 et
822 1009 1025 1084 civitatibus
1039 1024 1152 1083 certas
1167 1033 1325 1085 summas

260 1129 394 1202 habere
409 1127 587 1227 poposcit.
607 1129 698 1198 Cum
715 1149 801 1199 vero
818 1125 1045 1200 intellexisset
1059 1126 1098 1196 in
1115 1125 1190 1198 aede
1206 1149 1324 1218 sacra,
1402 1149 1411 1168 ·

260 1243 411 1319 ccclesia
428 1243 560 1316 scilicet
576 1242 712 1336 majore
732 1240 935 1330 Parisiensi,
955 1240 1089 1312 servari
1104 1239 1269 1338 deposita
1283 1266 1327 1314 ex

261 1359 491 1433 ordinatione
516 1357 660 1452 justitiae
684 1355 865 1430 curiarum
885 1378 1136 1451 supremarum
1156 1355 1257 1452 regni
1280 1355 1328 1430 ad

262 1498 429 1571 magnam
446 1473 524 1547 auri
536 1449 786 1569 quantitatem}
808 1495 875 1569 pro
896 1469 952 1541 bis
969 1469 1142 1570 depositis
1161 1472 1329 1548 tollendis

262 1590 416 1663 Parisios
432 1587 591 1660 accessit.

311 1702 366 1775 Ad
389 1727 497 1801 quam
519 1700 648 1774 urbem
668 1723 752 1772 cum
772 1724 815 1772 ex
838 1699 986 1772 diversis
1012 1701 1114 1798 regni
1135 1703 1330 1800 provinciis

264 1818 398 1918 praelati
416 1829 695 1905 concurrerent,
720 1814 767 1887 ad
784 1839 876 1911 quos
892 1838 954 1886 rex
970 1814 1138 1913 epistolas
1154 1815 1331 1891 direxerat

263 1947 440 2033 quatenus
459 1931 543 2004 illuc
562 1955 721 2004 summas
738 1933 785 2004 ab
806 1931 892 2030 ipsis
908 1931 1036 2028 petitas
1054 1930 1111 2004 vel
1130 1932 1328 2026 deferrent,
1385 1965 1388 1975 ·

263 2049 320 2120 vel
334 2047 629 2139 transmitterent,
645 2045 842 2120 aestimabat
853 2045 981 2143 vulgus
996 2044 1145 2142 aliquod
1158 2071 1331 2144 magnum
1375 2041 1380 2061 '

264 2165 526 2264 parlamentum
537 2188 600 2236 seu
611 2164 817 2254 concilium,
830 2188 897 2262 pro
910 2162 1114 2236 ordinando
1126 2166 1228 2260 regni
1238 2179 1329 2242 statu

263 2281 302 2352 in
320 2279 506 2352 meliorem
525 2281 695 2370 sormam,
714 2303 779 2376 per
796 2303 916 2376 regem
936 2277 1070 2352 debore
1092 2279 1266 2354 celebrari
1288 2307 1331 2356 ac

265 2395 392 2468 terreri.
410 2395 481 2468 Sed
495 2395 614 2492 ¹qualis
630 2395 762 2466 exstitit
778 2394 833 2466 sui
848 2393 1026 2466 adventus
1039 2394 1206 2486 intentio,
1221 2398 1329 2496 paulo

265 2526 348 2612 post
373 2513 450 2611 ipse
480 2509 673 2584 declaravit
700 2509 999 2607 manifestumque
1016 2510 1109 2582 lecit.
1132 2516 1222 2586 Nam
1245 2539 1330 2588 cum

265 2654 330 2728 per
363 2629 439 2700 dies
467 2627 664 2727 plurimos,
693 2651 758 2725 per
786 2624 889 2699 villas
921 2627 1027 2723 sylvis
1051 2629 1330 2726 propinquiores

265 2744 407 2816 diversa
421 2745 616 2842 accepisset
631 2741 798 2841 hospitia,
818 2766 902 2812 cum
919 2741 991 2814 suis
1007 2741 1240 2814 venatoribus
1264 2747 1330 2842 syl·

265 2883 327 2932 vas
344 2859 512 2932 venando
528 2881 673 2931 amane
690 2883 803 2954 usque
823 2856 869 2930 ad
889 2881 1076 2956 vesperam
1097 2857 1326 2951 collustrans,

265 2977 367 3074 quasi
379 2975 425 3048 ad
439 2973 529 3046 nihil
542 2975 639 3047 aliud
652 2975 809 3072 cogitare
823 2973 983 3069 deberet,
1000 2972 1127 3046 urbem
1139 2988 1264 3072 postea
1276 2991 1329 3049 est

266 3092 455 3190 ingressus.
475 3095 516 3174 ln
533 3115 612 3189 qua¹
622 3091 727 3178 duos,
747 3107 808 3163 aut
824 3106 909 3183 tres,
928 3089 986 3164 vel
1001 3091 1122 3190 plures
1137 3090 1213 3163 dies
1229 3116 1330 3166 com·
1457 3175 1458 3178 Ἴ

266 3224 443 3308 moratus,
466 3206 656 3304 explorans
676 3231 835 3307 quanam
855 3208 912 3280 via
930 3207 1179 3280 commodiore
1199 3231 1329 3280 aurum

266 3324 493 3423 hujusmodi,
513 3349 579 3422 pro
597 3323 730 3414 viduis,
750 3323 910 3423 pupillis,
929 3323 1167 3421 litigatoribus
1180 3324 1329 3424 aliisque

266 3443 371 3514 variis
387 3441 521 3533 causis,
541 3440 638 3540 apud
653 3439 765 3512 aedem
785 3465 924 3514 sacram
943 3439 1085 3540 publice
1105 3440 1329 3540 depositum,

268 3556 343 3652 ipse
360 3556 517 3648 tolleret,
542 3580 586 3629 eo
605 3556 752 3632 taudem
771 3553 930 3646 sublato,
953 3558 999 3631 ad
1019 3581 1102 3630 suas
1120 3559 1251 3632 iterum
1267 3583 1331 3630 ve-

268 3673 432 3746 nationes
448 3671 601 3772 (quibus
616 3695 724 3773 supra
741 3673 892 3745 modum
908 3698 951 3747 ac
967 3698 1173 3747 mensuram
1188 3668 1330 3748 deditus

269 3785 362 3882 erat)
377 3801 434 3858 est
448 3791 655 3884 regressus¹.

318 3906 473 3973 Fuerant
499 3905 647 4000 quidem
673 3904 840 3980 nonnulli
864 3905 909 3976 de
934 3906 1034 3979 curia
1059 3905 1273 3980 Parlamenti
1294 3920 1331 3981 et
1377 3999 1380 4008 Ι

268 4019 379 4118 aliqui
403 4019 627 4093 ecclesiastici
656 4021 809 4122 praelati,
837 4021 900 4121 qui
925 4021 971 4095 ab
998 4021 1058 4095 illa
1082 4022 1331 4122 depositorum

310 4277 340 4334 l.
363 4279 509 4351 Ingressus
523 4271 595 4333 dans
608 4275 636 4333 le
649 4294 703 4332 ms.
