3356 5182
372 486 390 540 2
485 489 492 502 ”
648 479 905 538 fflsronranuu
923 477 1101 535 LUDOVICI
1120 475 1163 532 XI

370 637 412 688 ac
437 611 627 685 crudeliter
654 610 745 682 sacta
769 623 1028 701 retexeremus,
1055 631 1077 679 a
1101 603 1286 704 nonnullis
1309 607 1371 704 qui
1394 629 1436 677 ea

370 729 497 803 lecturi
522 729 639 802 forent
665 726 736 808 fade
753 727 903 823 minime
922 726 1098 823 praestitq,
1124 723 1291 826 maledici
1316 725 1435 821 potius

370 845 589 943 cujuspiam,
618 867 727 939 quam
749 839 919 914 historica
945 838 1089 912 licentia
1112 863 1196 912 vera
1223 837 1431 928 referentis,

371 962 529 1035 officium
541 959 771 1059 assumpsisse
787 974 1007 1059 putaremur.
1028 959 1100 1032 Sed
1114 983 1199 1031 cum
1215 983 1237 1032 a
1255 957 1435 1030 veteribus

369 1079 524 1154 historiae
539 1077 796 1176 scriptoribus,
823 1103 899 1149 non
915 1077 1033 1150 solum
1055 1075 1068 1174 [
1086 1075 1231 1174 regum]
1247 1074 1303 1147 vel
1320 1077 1435 1173 impe·

370 1210 531 1300 ratorum
548 1196 611 1297 qui
623 1191 811 1290 virtutibus
831 1207 867 1265 et
885 1193 1060 1312 sqpieutia
1075 1191 1283 1287 claruerunt
1302 1193 1435 1289 quique

371 1309 573 1409 reipublicae
589 1307 810 1408 temporibus
826 1307 898 1380 suis
913 1307 1018 1380 utiles
1032 1307 1261 1398 exstiterunt,
1285 1306 1350 1379 sed
1371 1329 1434 1378 eo·

371 1450 452 1498 rum
465 1426 572 1496 etiarn
583 1427 644 1522 qui
657 1426 757 1497 omni
769 1425 957 1523 iniquitate
969 1437 1003 1494 ct
1018 1424 1178 1521 nequitia
1193 1423 1434 1520 vitiorumque

367 1539 587 1612 obscenitate
613 1541 768 1637 insignes
785 1540 984 1636 famosique
1005 1537 1148 1612 luerunt
1172 1539 1237 1636 (ut
1253 1538 1326 1610 Caii
1343 1537 1434 1610 Cali-

365 1655 471 1754 gulae,
492 1656 662 1746 Neronis,
686 1657 902 1747 Domitiani,
931 1656 1122 1728 Commodi
1148 1653 1435 1754 quamplurimo-

363 1799 519 1873 rumque
551 1775 710 1868 talium)
741 1800 799 1846 res
827 1787 943 1870 gestas
976 1789 1139 1846 narratas
1168 1773 1434 1871 descriptusque

364 1889 471 1964 luisse
502 1915 610 1962 nemo
641 1891 800 1986 ignoret,
830 1913 958 1961 ausum
985 1890 1189 1989 accepimus
1209 1886 1436 1962 confidenter

367 2006 474 2078 etiam
499 2007 591 2101 regis
618 2004 724 2100 liujus
751 2019 916 2103 tempora
944 2029 1072 2102 resque
1101 2029 1165 2103 per
1189 2029 1273 2077 eum
1298 2016 1433 2098 gestas,

365 2120 488 2193 divina
512 2121 716 2218 adspirante
743 2121 872 2216 gratia,
900 2120 993 2219 stylo
1019 2121 1232 2194 narrationis
1257 2121 1400 2217 exsequi
1425 2147 1433 2190 :

367 2236 482 2309 multo
501 2237 612 2333 magis
629 2235 797 2334 eligentes
821 2237 977 2310 veridica
994 2239 1199 2312 narratione
1217 2237 1263 2309 ad
1279 2238 1437 2310 instruc-

369 2350 507 2422 tionem
520 2365 556 2421 et
571 2350 749 2442 cautelam
761 2367 991 2450 posterorum
1003 2354 1116 2442 otium
1128 2378 1306 2442 exercere,
1327 2375 1436 2450 quarn

368 2465 598 2539 adulatorum
622 2492 740 2556 more,
767 2468 830 2566 qui
851 2493 976 2564 regum
995 2483 1030 2540 ct
1052 2469 1257 2568 principum
1276 2493 1434 2567 panegy-

369 2583 462 2654 ricos
488 2582 800 2684 conscripserunt,
833 2584 1032 2658 mendaciis
1057 2599 1092 2658 et
1115 2583 1293 2682 figmentis
1317 2585 1434 2658 inten-

373 2697 473 2771 dere.

422 2819 512 2888 Cum
531 2819 653 2914 itaque
678 2818 840 2888 interris
865 2815 1039 2889 Flandriae
1063 2831 1098 2887 et
1119 2815 1317 2890 Brabantire
1341 2817 1438 2918 apud

373 2927 545 3003 illustrem
558 2931 853 3027 Burgundionum
867 2931 1011 3022 ducem,
1025 2930 1242 3032 Philippum,
1252 2934 1434 3021 exsistens,

376 3043 421 3116 de
431 3045 540 3143 patris
553 3045 757 3142 gravissima
768 3046 989 3143 aegritudine,
1003 3046 1149 3140 deinde,
1165 3049 1286 3146 paucis
1300 3047 1439 3122 effluxis

377 3158 517 3252 diebus,
539 3159 584 3231 de
599 3159 699 3260 obitu
717 3161 825 3234 etiam
842 3185 905 3261 per
920 3163 1038 3234 varios
1053 3163 1258 3262 multosque
1275 3189 1439 3236 cursores

378 3275 507 3346 certior
540 3273 653 3348 lactus
688 3283 821 3363 esset¹‚
852 3275 984 3350 dubius
1014 3293 1209 3378 utcumque
1235 3302 1439 3379 ancepsque

379 3390 501 3463 animo
526 3391 591 3464 luit
617 3417 663 3464 ne
684 3392 775 3466 sorte
792 3419 814 3467 a
832 3394 1043 3493 proceribus
1068 3397 1190 3492 regni,
1220 3396 1347 3496 hisque
1375 3422 1441 3497 po-

381 3507 554 3580 tissimum
581 3509 642 3606 qui
671 3509 769 3608 apud
794 3526 932 3609 patrem
958 3537 1063 3582 suum
1085 3513 1272 3611 praecipuis
1297 3513 1380 3585 loco
1407 3527 1440 3585 et

379 3622 520 3696 bonore
537 3623 696 3716 fuerant,
722 3627 1042 3700 contradictionem
1071 3629 1381 3727 resistentiamque
1403 3630 1441 3702 in

379 3740 618 3812 nanciscenda
656 3743 754 3838 regni
796 3744 1018 3844 possessione
1048 3757 1240 3844 pateretur.
1279 3745 1443 3819 Habebat

379 3855 477 3928 euim
502 3855 646 3929 fratrem
668 3858 849 3954 juniorem
866 3885 904 3932 se
920 3861 1060 3932 circiter
1075 3860 1179 3934 annis
1195 3861 1343 3957 viginti,
1376 3865 1442 3935 Ca·

423 4136 451 4191 l.
475 4135 516 4190 La
529 4129 664 4190 nouvelle
678 4129 716 4210 de
731 4150 762 4190 sa
776 4144 853 4192 mort
864 4131 906 4191 lui
920 4132 1035 4213 parvint
1052 4133 1080 4194 le
1089 4085 1132 4192 bt
1147 4134 1256 4208 juillet,
1269 4155 1307 4194 au
1322 4133 1443 4194 chateau

382 4220 418 4280 de
434 4221 589 4302 Genappe,
604 4238 641 4280 cn
656 4219 792 4285 Brabant.
