3402 5186
666 579 773 634 LIBER
794 577 943 638 PRIMUS.
976 623 978 626 -
1295 575 1328 632 dl

273 714 340 787 bus
362 729 398 788 et
420 693 556 786 ceteris
575 713 744 812 gradibus
767 737 831 786 seu
851 711 973 813 patriae
994 709 1155 799 statibus,
1175 708 1223 781 ob
1247 711 1332 783 novi

273 830 364 927 regis
387 830 603 927 ingressum,
629 828 690 901 illo
712 823 1002 925 convenerant),
1017 850 1062 898 eo
1084 825 1185 924 quod
1206 849 1333 898 eorum

274 943 459 1043 provincia
485 967 596 1014 onere
626 941 841 1014 tributorum
867 941 949 1042 plus
975 941 1111 1013 caeteris
1137 939 1333 1032 Galliarum

274 1063 467 1162 provinciis
483 1074 699 1160 gravaretur,
718 1085 756 1134 se
777 1063 812 1133 in
833 1069 946 1132 ultum
962 1058 1189 1155 colligentes,
1212 1083 1332 1154 regem

273 1158 450 1268 adierunt,
466 1191 642 1274 quatenus
654 1177 751 1276 piam
766 1174 984 1248 voluntatem
1002 1199 1116 1266 suam,
1135 1197 1244 1272 quam
1257 1175 1332 1270 jam

275 1303 310 1372 in
324 1301 488 1402 pluribus
502 1302 590 1374 locis
607 1300 863 1390 manifestaret,
883 1299 1216 1397 continuarentque
1233 1298 1336 1372 elfec-

274 1418 327 1488 tui
343 1415 515 1488 mandare
532 1413 650 1506 vellet,
667 1438 840 1512 suamque
854 1413 1091 1512 provinciam,
1110 1437 1191 1512 quac
1204 1415 1337 1488 caeteris

276 1533 467 1632 provinciis
483 1533 582 1629 regni
600 1532 760 1628 graviore
777 1531 993 1603 tributorum
1010 1530 1171 1630 pondere
1189 1546 1336 1604 onerata

275 1663 382 1740 esset,
404 1647 607 1739 sublevare,
627 1661 737 1746 atque
757 1646 877 1745 patriae
896 1645 1040 1742 antiqua
1058 1645 1240 1745 privilegia
1258 1671 1337 1744 (pire

275 1765 382 1864 vulgo
397 1795 414 1834 a
425 1768 567 1837 Cartam
585 1767 876 1836 Normannorum
894 1762 1121 1862 cappellam,
1141 1763 1338 1838 instaurare

276 1893 311 1953 et
327 1881 536 1954 conservare
557 1880 694 1954 eisdem
714 1879 935 1976 dignaretur,
961 1879 1212 1978 supplicantes.
1238 1883 1338 1967 Quos

276 2021 337 2068 rex
353 1996 493 2070 blandis
509 1977 686 2072 allocutus
709 1996 950 2090 sermonibus,
970 1997 1020 2068 eis
1036 1994 1214 2096 pollicitus
1231 2007 1285 2069 est
1301 2021 1338 2069 se

276 2113 366 2186 velle
394 2115 594 2187 contentari
626 2097 751 2186 tollere
777 2127 884 2210 atque
912 2113 1057 2186 abolere
1081 2127 1154 2184 tam
1185 2111 1339 2208 gabellas

277 2229 360 2302 salis
382 2254 490 2328 quam
510 2244 681 2326 quartum
698 2228 885 2302 denarium
902 2231 1108 2328 potionum¹
1125 2255 1204 2327 quae
1227 2231 1264 2302 in
1286 2244 1338 2305 ta·

276 2343 397 2418 bernis
418 2344 656 2437 venduntur⁸,
679 2345 785 2418 simul
802 2370 886 2418 oum
901 2346 1128 2444 impositione
1150 2371 1213 2418 seu
1237 2346 1338 2420 dacia

276 2460 436 2533 vicesimi
448 2460 585 2534 denarii
601 2485 680 2559 qnae
691 2461 738 2533 de
749 2460 917 2533 omnibus
926 2462 1151 2533 commerciis
1167 2477 1202 2534 et
1217 2463 1340 2535 vendi-

277 2573 435 2648 tionibus
444 2575 783 2670 exsolvitau⁸‚modo
792 2599 970 2648 summam
980 2575 1339 2675 dependerentquam

277 2693 370 2790 patri
386 2716 452 2764 suo
467 2691 670 2782 solvebant;
693 2691 794 2789 cujus
811 2691 968 2764 levaodae
981 2706 1016 2763 et
1030 2691 1250 2788 colligendae,
1266 2717 1339 2765 me·

155 2899 164 2920 ο
277 2804 367 2880 liore
378 2821 486 2905 atque
500 2807 654 2880 faciliore
667 2806 778 2879 modo
794 2832 902 2906 quem
916 2807 982 2907 ipsi
998 2808 1090 2879 inter
1101 2831 1138 2880 se
1150 2809 1340 2907 concipere

278 2944 319 2992 ac
336 2923 541 3020 prospicere
559 2936 723 3020 possent,
744 2935 780 2994 et
797 2946 862 3020 per
879 2923 967 2994 tales
985 2920 1176 2994 officiarios
1194 2943 1256 2994 seu
1273 2925 1341 2994 mi-

279 3037 409 3110 nistros
436 3063 528 3135 quos
553 3036 600 3110 ad
622 3037 695 3110 boc
719 3036 892 3114 ducerent
918 3037 1165 3138 deputandos,
1195 3038 1342 3112 indulsit

279 3152 414 3226 eisdem
429 3153 646 3228 facultatem.
663 3154 918 3228 AEstimabatur
931 3169 1051 3250 autem
1065 3179 1205 3228 summa
1216 3179 1348 3254 quam,

279 3257 475 3342 novissimo
496 3295 611 3360 anno,
635 3284 736 3370 pater
756 3295 858 3364 suus,
884 3284 957 3343 tam
975 3297 1039 3371 per
1059 3270 1172 3345 tallias
1187 3295 1249 3344 seu
1266 3270 1341 3344 col·

278 3385 386 3460 lectas
418 3410 527 3486 quam
559 3410 623 3486 per
654 3385 722 3459 alia
746 3381 1089 3486 prenominatorum
1117 3387 1342 3486 vectigalium

268 3503 430 3598 genera,
452 3502 641 3576 defunctus
659 3527 720 3576 res
739 3504 776 3574 in
799 3503 1017 3578 Normannia
1035 3503 1213 3578 levaverat
1230 3503 1342 3600 (ultra

276 3617 467 3713 jussuum
497 3618 739 3710 ordinarium,
767 3619 866 3716 quod
894 3619 1003 3716 vulgo
1038 3619 1249 3694 domanium
1276 3643 1340 3719 ap·

321 3884 350 3940 l.
373 3883 535 3958 Porciorum
548 3877 621 3938 dans
634 3877 661 3938 le
675 3897 729 3938 ms.

320 3970 350 4026 Ξ.
376 3993 391 4022 a
404 3971 444 4028 Le
458 3979 545 4047 quart
557 3967 658 4028 denier
677 3966 729 4027 des
745 3965 875 4027 boissons
896 3964 1026 4026 reudues
1044 3985 1082 4026 au
1099 3966 1202 4042 detail,
1217 3993 1230 4020 a
1250 3967 1343 4047 impet

251 4085 253 4093 ·
281 4057 360 4130 nee,
373 4077 411 4116 ou
427 4054 467 4116 du
480 4057 573 4116 moins
587 4058 670 4136 porte
683 4061 700 4116 a
714 4076 747 4117 ce
761 4056 863 4118 chilbe
878 4056 1044 4118 exorbitant
1055 4078 1109 4138 par
1121 4058 1239 4118 Cbarles
1248 4061 1311 4119 vu.

322 4149 352 4208 3.
377 4173 390 4200 ι
404 4145 603 4226 L'imposition
617 4167 656 4208 ou
674 4146 744 4208 dace
759 4146 799 4206 du
813 4147 969 4227 vingtieme
983 4147 1085 4210 danier
1096 4149 1147 4227 qui
1160 4168 1191 4208 se
1204 4167 1278 4228 paye
1291 4169 1342 4209 sur

207 4229 215 4246 '
283 4247 375 4302 tontes
388 4235 430 4296 les
447 4235 579 4296 dearces.
594 4261 607 4288 ι
625 4236 700 4296 C’est
722 4256 756 4296 ce
777 4240 865 4314 qu'oa
887 4237 1015 4317 appelait
1034 4238 1077 4300 les
1098 4238 1277 4320 impmitions
1296 4239 1342 4298 fo-

283 4347 389 4394 earnes.
