3272 5182
572 562 682 618 LIBER
707 563 871 620 TERTIUS.
1194 567 1251 624 Μ

194 695 329 793 absque
348 694 439 766 scitu
460 707 495 765 et
514 693 650 791 absque
672 695 853 766 voluntate
874 708 982 791 atque
999 717 1177 782 consensu
1194 720 1253 766 ex·

194 813 322 909 pressis
346 810 437 905 regis
464 809 636 900 Franciae;
664 810 750 907 quin
779 811 900 908 potius
924 824 1197 909 prosequeretur
1220 824 1256 883 et

193 927 404 1024 perduceret
429 951 592 1024 guerram
618 925 824 1024 praedictam
851 951 965 1024 usque
990 924 1035 999 ad
1059 941 1254 1000 extremam

193 1057 229 1115 et
257 1043 400 1116 totalem
425 1057 666 1140 conquaestam
697 1041 831 1140 praelati
860 1039 962 1113 ducis
989 1042 1201 1138 Burgundiae
1219 1055 1254 1115 et

194 1160 359 1230 omnium
377 1173 550 1230 terrarum
566 1182 713 1230 suarum
731 1173 837 1255 atque
854 1157 1112 1230 dominiorum.

243 1279 286 1345 Et
302 1299 448 1372 prorsus
470 1275 631 1347 similiter
653 1289 688 1346 et
706 1273 841 1345 eisdem
857 1274 973 1345 verbis
984 1274 1137 1370 juravit,
1156 1274 1254 1348 etde

193 1389 264 1462 hoc
284 1392 390 1463 etiam
414 1404 497 1462 suas
517 1405 677 1489 patentes
701 1403 736 1461 et
757 1389 978 1462 authenticas
1002 1389 1135 1462 litteras
1156 1389 1256 1462 dedit

195 1507 418 1598 Ludovious,
438 1513 657 1580 Francorum
682 1531 762 1596 rex,
793 1507 862 1604 ipsi
890 1504 1080 1596 Edoardo‚
1100 1508 1255 1607 principi

194 1621 341 1696 Wallioe.
362 1628 439 1695 Hoc
455 1638 575 1695 autem
592 1623 698 1695 etiarn
718 1623 754 1693 in
770 1621 979 1718 hujusmodi
995 1622 1119 1695 litteris
1138 1638 1174 1695 et
1189 1626 1255 1697 loe-

192 1739 277 1813 dere
295 1740 462 1836 utrinque
478 1740 657 1836 adjectum
673 1753 762 1829 erat,
780 1738 879 1835 quod
893 1737 952 1810 ille
969 1763 1012 1810 ex
1029 1739 1114 1837 ipsis
1129 1741 1255 1812 ambo·

192 1855 273 1946 bus,
293 1858 355 1956 qui
372 1857 498 1928 desua
515 1871 615 1956 parte
631 1881 693 1930 sen
711 1854 757 1928 de
773 1881 840 1928 suo
857 1857 965 1929 latere
981 1856 1081 1954 prior
1098 1858 1255 1957 comple-

194 1987 245 2043 ret
268 1985 302 2043 et
324 1971 508 2071 perficeret
531 1970 665 2044 dictam
685 1985 946 2068 conquaestam,
966 1995 1041 2041 non
1063 1985 1254 2070 propterea

192 2085 384 2159 dimitteret
397 2088 562 2160 eamdem
579 2111 756 2184 guerram,
772 2086 834 2158 sed
851 2101 1031 2160 teneretur
1042 2111 1125 2159 cum
1139 2087 1255 2159 omni·

191 2202 260 2274 bus
283 2203 355 2274 suis
375 2204 487 2302 copiis
509 2189 560 2275 ire
583 2203 630 2274 ad
652 2203 761 2276 aliurn
776 2202 978 2299 juvandum
998 2218 1104 2300 atque
1124 2204 1253 2277 subve-

192 2317 365 2390 niendum
384 2343 497 2416 usque
515 2316 561 2389 ad
578 2319 686 2391 totale
706 2317 1015 2416 complementum
1035 2319 1139 2392 dictae
1160 2345 1252 2392 con-

191 2449 343 2531 quaestae.

240 2550 314 2622 Sub
342 2549 476 2623 eisdem
505 2552 611 2623 etiam
638 2550 869 2623 sacramentis
892 2550 1126 2649 promittebat
1156 2552 1252 2625 idem

191 2667 378 2738 Edoardus
399 2667 513 2739 lacere
530 2691 676 2765 prorsus
697 2689 801 2765 posse
821 2691 946 2756 suurn,
965 2681 1001 2738 et
1019 2667 1195 2764 quidquid
1213 2669 1251 2740 in

191 2809 228 2856 se
243 2798 346 2875 esset,
364 2783 460 2881 apud
475 2784 668 2856 Henricum
684 2807 818 2878 regern,
838 2796 977 2879 patrem
994 2807 1112 2874 suurn,
1132 2798 1253 2881 quate·

192 2924 258 2972 nus
280 2900 377 2972 idem
400 2925 478 2993 rex,
501 2900 641 2998 genitor
662 2923 764 2988 suus,
790 2896 950 2969 similiter
973 2897 1168 2970 declararet
1192 2925 1248 2988 se,

191 3017 498 3114 quemadmodum
518 3031 554 3088 et
575 3017 668 3114 ipse,
690 3016 866 3088 iacturum
888 3038 1053 3111 guerram
1073 3031 1248 3115 apertam,

192 3149 263 3206 tam
286 3159 351 3234 per
366 3161 404 3207 se
422 3159 531 3233 quarn
548 3159 612 3233 per
630 3132 819 3206 loederatos
837 3145 873 3214 et
888 3131 1052 3205 subditos
1070 3158 1167 3226 suos,
1186 3133 1251 3207 ad·

192 3273 313 3321 versus
329 3249 498 3324 eumdem
515 3248 726 3346 Burgundio
744 3248 886 3321 ducem.

238 3366 506 3440 subnectebant
519 3382 639 3440 autem
654 3366 779 3438 litterae
790 3367 882 3462 regis
893 3370 1114 3438 Francorum
1128 3364 1252 3462 hujus·

190 3483 332 3555 cemodi
355 3483 497 3556 foederis
514 3483 709 3582 copulandi
727 3507 890 3574 causam,
907 3507 985 3580 quae
1008 3482 1127 3579 ipsum
1147 3478 1192 3552 ad
1216 3480 1252 3553 id

191 3598 393 3672 faciendum
415 3599 607 3672 induxisset
635 3627 642 3670 :
670 3599 836 3671 videlicet
862 3597 963 3695 quod
987 3595 1059 3670 dux
1084 3603 1253 3695 Burgun-

191 3714 269 3804 diae,
286 3716 360 3812 jam
379 3714 441 3786 diu
458 3729 552 3804 erat,
571 3739 646 3787 sese
662 3713 959 3806 conloederasset¹
978 3737 1061 3784 cum
1081 3713 1253 3786 Edoardo

190 3829 234 3901 de
258 3830 294 3900 la
314 3831 490 3924 Marelia’,
510 3831 573 3928 qui
596 3844 723 3902 contra
752 3832 868 3900 Deum
895 3841 932 3899 ct
955 3828 1129 3923 justitiam
1155 3829 1254 3900 nisus

190 3951 305 4020 luerat
326 3972 497 4047 usurpare
514 3971 665 4042 regnum
683 3944 826 4041 angliae,
845 3957 881 4015 et
897 3945 1112 4033 Hemicnm,
1132 3968 1253 4040 rogem

232 4139 261 4197 l.
285 4138 486 4212 Consederusse
499 4135 570 4194 dans
584 4137 610 4195 le
625 4154 678 4193 ms.

230 4227 259 4283 9.
282 4228 410 4282 Edward
421 4228 456 4302 of
468 4227 584 4284 March.
594 4229 678 4285 -C’est
693 4224 721 4282 le
736 4241 806 4282 nom
822 4222 951 4301 qu’avait
967 4222 1050 4302 porte
1063 4207 1201 4281 lldouard
1217 4223 1255 4285 1v

191 4327 277 4372 avant
290 4314 381 4373 d’etre
395 4316 450 4375 roi.
