3402 5186
509 500 524 513 *⁵
633 481 744 538 LIBER
767 481 916 540 Pnltttts.
1268 486 1306 542 85

246 639 325 712 quae
345 612 502 712 perpessi
519 613 684 704 luissent,
704 614 820 684 vicem
839 610 1001 684 hostibus
1024 611 1154 684 referre
1173 627 1307 711 satage·

245 728 344 804 bant.

295 844 415 942 Captis
435 844 542 942 igitur
562 841 814 916 Catalanorum
843 843 1061 942 direptisque
1085 831 1127 918 'et
1152 847 1308 920 incensis

248 962 370 1035 castris
386 987 448 1034 seu
465 961 626 1050 bestiliis,
645 961 706 1058 qui
721 973 918 1058 potuerunt
933 985 974 1032 ex
991 960 1047 1033 his
1067 963 1130 1060 qui
1154 963 1199 1036 de
1223 965 1308 1037 loris

141 1117 142 1126 κ
248 1103 368 1151 arcem
390 1076 620 1166 obsidebant,
641 1075 733 1148 ethi
754 1077 815 1174 qui
833 1077 927 1148 intra
946 1078 1121 1175 oppidum
1142 1094 1242 1153 erant
1261 1080 1308 1152 ad

249 1191 439 1291 stipendia,
456 1191 588 1288 lugam,
610 1193 749 1265 civibus
764 1188 953 1282 derelictis,
972 1194 1214 1292 arripuerunt.
1238 1195 1311 1283 Qui

251 1311 374 1406 utique
397 1309 491 1381 cives
514 1310 551 1380 in
572 1309 730 1407 praedam
758 1307 1068 1406 direptionemque
1089 1309 1199 1382 Gallis
1227 1335 1311 1384 ces-

251 1425 392 1516 sissent,
419 1423 488 1494 nisi
508 1424 621 1522 pietas
646 1439 682 1496 et
709 1418 897 1496 clementia
920 1423 1013 1495 illius
1038 1423 1183 1497 illustris
1209 1425 1311 1499 ducis

252 1543 496 1615 Nemorsensis
508 1543 665 1614 furorem
680 1541 832 1612 militum
847 1555 953 1637 atque
968 1542 1142 1640 impetum
1156 1567 1219 1615 sua
1232 1565 1312 1642 pru·
1334 1563 1336 1569 ’
1407 1615 1411 1628 ,

253 1659 373 1732 dentia
382 1659 703 1733 cohibuisset.Hoc
713 1682 868 1754 namque
881 1681 1098 1758 magnopere
1108 1659 1175 1758 ipsi
1186 1662 1312 1734 Franci
1360 1697 1363 1708 r

253 1774 465 1873 cupiebant,
492 1776 642 1847 scientes
667 1775 838 1848 maximas
862 1771 912 1844 ibi
937 1799 1025 1872 opes
1047 1776 1313 1874 pretiosamque

253 1890 509 1989 supellectilem
531 1891 677 1989 copiose
701 1914 738 1962 se
764 1890 993 1980 inventuros3
1022 1891 1085 1962 sed
1112 1891 1314 1988 benignitas

254 2009 381 2107 optimi
397 2006 490 2081 illius
506 2007 609 2080 ducis
632 2006 768 2080 obstitit
789 2007 997 2104 civibusque
1014 2007 1208 2083 clementer
1224 2036 1312 2083 oon-

253 2124 381 2213 suluit‚
410 2125 472 2222 qui
499 2124 605 2196 etiam
633 2148 739 2196 suum
766 2147 841 2195 non
869 2124 1068 2196 nescientes
1092 2125 1311 2224 periculum,

255 2239 432 2339 supplices
454 2239 737 2312 misericordiam
759 2236 999 2337 postulabant.
1025 2243 1142 2328 Quam
1164 2242 1313 2339 quidem

254 2359 485 2452 invenerunt,
503 2357 610 2429 bonis
626 2369 699 2430 tam
717 2354 909 2428 mobilibus
922 2379 1031 2452 qnam
1048 2357 1312 2451 immobilibus,

254 2476 374 2574 priore
391 2499 536 2573 quoque
552 2473 714 2546 libertate
737 2496 809 2569 qua
832 2471 900 2544 sub
922 2472 994 2544 suis
1018 2471 1161 2569 regibus
1182 2476 1314 2570 Arago-

257 2615 345 2666 num
362 2591 467 2691 potiti
483 2591 640 2680 fueraut,
659 2586 794 2661 eisdem
810 2587 954 2661 servatis
971 2600 1006 2658 et
1024 2591 1196 2660 retentis&

305 2711 354 2780 Ex
368 2708 441 2780 hoc
458 2708 590 2806 itaque,
608 2706 637 2778 si
652 2702 740 2804 quid
752 2704 935 2776 residuum
949 2700 1135 2775 rebellium
1151 2703 1265 2776 lucrat
1278 2706 1314 2776 in

256 2824 428 2896 comitatu
441 2821 663 2910 Rossilionis,
678 2819 831 2892 Podium
846 2844 991 2918 quoque
1002 2818 1215 2909 Ceritaniae'‚
1232 2845 1315 2891 cum

260 2939 420 3039 pluribus
442 2940 594 3013 castellis
618 2938 780 3036 ejusdem
802 2936 1008 3028 comitatus,
1034 2936 1070 3006 in
1095 2933 1314 3008 deditionem

258 3072 399 3155 recepta
421 3071 522 3146 sunt,
549 3069 585 3128 et
608 3080 630 3129 a
653 3053 911 3130 communitate
933 3051 1119 3124 rebellium
1143 3051 1190 3123 ad
1210 3077 1315 3124 suum

258 3198 378 3272 regem
399 3172 573 3245 revoluta.

307 3295 441 3364 Verum
469 3314 552 3362 cum
576 3287 767 3365 Gallorum
794 3285 903 3359 armis
932 3284 970 3356 hi
999 3284 1074 3356 duo
1103 3289 1314 3380 comitatus,

261 3405 466 3479 Rossilionis
489 3406 622 3478 scilicet
636 3419 673 3476 et
689 3402 890 3491 Ceritaniae,
907 3400 1053 3472 edomiti
1069 3402 1215 3474 luissent
1234 3401 1318 3475 obe-

253 3518 469 3620 dientesque
490 3519 605 3592 eflecti
622 3515 945 3616 (quemadmodum
962 3530 997 3586 et
1011 3515 1169 3612 reliquos
1185 3517 1230 3590 de
1244 3532 1318 3590 tota

260 3635 465 3726 Catalonia,
504 3636 577 3734 regi
604 3659 671 3709 suo
699 3633 867 3722 rebelles,
897 3631 1076 3703 edomitos
1104 3646 1213 3731 atque
1250 3633 1318 3707 sibi

261 3765 426 3851 parentes
446 3751 596 3825 reddere
617 3757 837 3824 Francorum
856 3771 975 3843 regem
999 3747 1191 3846 recepisse'
1212 3764 1321 3849 atque

302 3973 332 4030 l.
355 3967 425 4028 Voir
443 3965 611 4060 l'pboliuon
631 3967 770 4028 accordee
783 3984 841 4026 aux
862 3961 1004 4023 habitante
1025 3964 1062 4024 de
1083 3965 1262 4046 Perpignan,
1284 3989 1320 4030 en

259 4059 355 4135 juillet
369 4059 457 4118 1463.
477 4059 675 4115 Ordormances
686 4059 735 4114 des
746 4061 803 4112 rois
813 4057 977 4126 deFrance,
989 4065 1010 4114 t.
1024 4054 1105 4128 XVI,
1119 4076 1149 4135 p.
1163 4059 1213 4115 tr.

301 4151 333 4213 2.
355 4148 660 4222 Pedium-Ceruaria,
674 4142 835 4224 Puyccrda.

306 4241 332 4299 3.
356 4237 664 4318 Corrigersuscepisse‚

422 4365 450 4402 ιι
1047 4343 1166 4398 ·3
