3272 5182
568 553 679 610 LIBER
699 553 902 613 SECUNDUse
1208 555 1261 613 tst

540 825 795 896 CAPITULUM
825 827 932 895 llllll.
1010 903 1013 912 .

259 1007 300 1060 De
314 1005 410 1060 iterato
421 1007 536 1060 tumultu
547 1005 735 1060 Leodiensium
747 1021 772 1062 et
784 1007 886 1078 origiue
897 1007 978 1061 totius
989 1024 1042 1061 sua
1052 1009 1216 1080 rebellionis,

492 1099 518 1139 et
527 1085 683 1140 eorumdem
693 1085 775 1141 nimia
788 1086 954 1141 contumacia
962 1085 982 1140 ¹.

255 1270 347 1339 Cum
359 1289 446 1338 vero
460 1264 579 1341 adhuc
594 1265 665 1338 illic
676 1282 793 1340 essent
808 1268 913 1342 simul
926 1251 1060 1367 praelati
1075 1269 1282 1368 principes,.

205 1399 241 1456 et
266 1385 303 1456 in
327 1367 501 1457 conviviis
525 1396 560 1455 et
582 1382 846 1476 festivitatibus,
873 1409 941 1484 pro
965 1384 1173 1481 hujusmodi
1197 1400 1271 1459 tatn
1304 1429 1309 1432 ·

207 1514 338 1600 optatae
363 1500 500 1572 cunctis
524 1497 736 1572 mortalibus
762 1500 858 1599 pacis
880 1501 1146 1595 conciliatione,
1172 1501 1270 1574 laetos

201 1618 443 1713 transigerent
457 1629 563 1713 atque
577 1615 750 1688 ducerent
771 1615 867 1710 dies,
884 1617 1032 1714 contigit
1047 1617 1177 1688 iterum
1192 1617 1271 1692 illos

207 1733 359 1805 stolidos
374 1731 560 1805 Eburones
571 1756 635 1804 seu
648 1733 875 1820 leodienses,
891 1732 1047 1832 quadam
1062 1733 1158 1806 velut
1173 1734 1272 1806 rabie
1388 1791 1390 1805 .

208 1849 244 1920 in
267 1849 506 1948 suiipsorum
525 1863 682 1922 armatos
702 1849 867 1942 exitium,
891 1873 1004 1922 novas
1021 1874 1077 1922 res
1094 1850 1269 1924 actitasse.

208 1967 299 2037 Nam
315 1963 399 2038 licet
415 1964 515 2037 urbis
532 1989 603 2037 suae
620 1963 743 2037 Leodii
765 1966 896 2037 moenia
918 1980 953 2037 et
973 1980 1104 2057 turres,
1126 1981 1165 2039 ut
1181 1967 1273 2039 dixi-

208 2103 306 2172 mus,
339 2079 483 2177 dejectae
513 2081 660 2154 luissent
689 2105 859 2179 armaque
887 2082 1053 2154 universa
1077 2081 1212 2176 ablata,
1234 2095 1274 2155 ut
1362 2173 1363 2180 ἵ

207 2195 264 2304 vel
295 2194 367 2270 boc
395 2196 506 2270 modo
536 2197 550 2293 l
558 2223 640 2269 curn
671 2197 757 2270 alias
788 2221 905 2296 neque
932 2223 996 2298 per
1029 2215 1270 2292 sacramenta,
1306 2273 1310 2284 ,

209 2337 327 2410 neque
359 2337 424 2412 per
456 2314 671 2385 muletarum
704 2313 990 2412 appositionem,
1021 2337 1140 2412 neque
1167 2316 1274 2388 etiam

125 2433 133 2445 '
209 2428 529 2522 obsidibusdatis,
550 2429 585 2500 id
606 2427 699 2504 effici
716 2430 914 2526 quivisset),
938 2445 976 2501 ut
993 2429 1038 2501 ad
1061 2432 1217 2528 quietem
1239 2445 1274 2505 et

210 2548 325 2621 otium
342 2549 379 2620 in
396 2573 486 2647 pace
510 2546 690 2644 agendum
717 2547 985 2642 stringerentur,
1005 2547 1136 2620 domus
1153 2561 1274 2622 tamen

210 2691 300 2756 suae,
325 2691 409 2738 curn
434 2664 708 2764 praediis'atque
733 2662 928 2736 mobilibus
950 2662 1073 2757 bonis,
1100 2664 1150 2736 eis
1173 2659 1294 2740 salvae'

210 2781 534 2860 dimissaeluerant‘.
555 2780 822 2855 Tantummodo
845 2778 985 2854 sublata
1006 2781 1056 2852 eis
1075 2803 1175 2854 arma
1197 2782 1275 2855 fue-

211 2913 303 2970 rant.
334 2898 474 2985 Quibus
501 2901 637 2970 autem*
661 2897 840 2970 moenibus
875 2895 920 2968 ad
948 2921 1049 2968 suam
1081 2899 1276 2996 patriaeque
1353 2895 1360 2912 ⁸

211 3013 359 3086 tutelam
376 3015 427 3086 eis
445 3015 591 3087 minime
609 3039 702 3114 opus
718 3029 814 3102 erat,
834 3013 863 3084 si
876 3013 922 3083 'in
944 3037 1032 3111 pace
1051 3027 1085 3084 et
1102 3013 1275 3111 tranquil-

211 3125 307 3200 litate
325 3129 519 3227 perdurare
532 3129 740 3204 voluissent.
757 3129 848 3200 Satis
862 3127 1043 3226 enim‘pro
1063 3128 1274 3221 munimine,

213 3245 343 3334 muris,
363 3245 457 3316 vallo
476 3261 584 3344 atque
602 3247 709 3318 armis
726 3271 802 3318 esse
823 3247 873 3318 eis
891 3259 1049 3344 poterat,
1068 3246 1099 3316 si
1116 3243 1224 3317 fidem
1242 3260 1276 3318 et

213 3361 406 3434 amicitiam
429 3387 512 3434 cum
539 3361 832 3458 Burgundionum
858 3359 1084 3460 principibus
1109 3360 1277 3434 observa-

213 3491 310 3569 rent3
324 3502 481 3575 quorum
491 3478 593 3550 terris
602 3492 709 3574 atque
718 3476 887 3549 dominiis
897 3477 1122 3575 amplissimis
1130 3477 1279 3550 circum·

213 3594 305 3693 septi
330 3609 432 3667 erant
457 3610 491 3668 et
518 3593 659 3684 vallati3
688 3594 751 3692 qui
779 3591 878 3664 nulla
902 3616 965 3664 eos
993 3593 1126 3692 quippe
1149 3595 1279 3692 injuria

213 3706 470 3805 lacessieranrt,
486 3710 550 3786 sed
561 3734 690 3784 eorum
704 3708 802 3810 pacis
813 3722 849 3780 et
860 3708 1127 3806 tranquillitatis
1142 3725 1278 3784 tutores

256 3949 284 4004 l.
308 3944 442 4024 (lbapitre
455 3943 554 4023 publii
571 3940 858 4020 dansl’Amplissima
877 3944 1013 4017 collectio,
1030 3953 1050 4002 t.
1069 3943 1119 4016 IV,
1133 3944 1191 4004 col.
1208 3947 1277 4006 753.

255 4036 285 4094 2.
309 4036 466 4094 Aureliam
481 4032 593 4093 dansle
608 4053 661 4092 ms.

258 4125 287 4184 3.
310 4121 473 4202 Singuliere
494 4122 667 4200 prevention
692 4121 728 4180 de
751 4120 884 4182 l’.auteur
910 4125 951 4182 Le
970 4122 1027 4182 duc
1047 4123 1083 4184 de
1106 4131 1281 4204 Bourgogue

216 4209 328 4270 roulait
341 4210 424 4271 avoir
436 4229 476 4270 uu
490 4209 571 4270 builli
585 4215 601 4270 a
616 4212 716 4293 Liege,
728 4221 757 4270 et
770 4208 820 4290 n'y
834 4211 952 4273 souffrir
967 4231 1043 4293 pour
1061 4214 1175 4294 eaeque
1188 4231 1228 4292 qu
1229 4216 1280 4272 'un

216 4299 333 4362 homme
346 4298 450 4362 deson
463 4299 560 4360 choix.
