3272 5182
377 615 380 621 θ
417 531 474 592 rsa
690 531 947 594 msronunnu
966 533 1144 596 nunoncr
1163 535 1207 592 11

769 845 1022 916 CAPlTULUM
1046 847 1122 915 XX.

414 1050 453 1102 De
466 1045 565 1101 rudae
581 1043 732 1118 copulato
725 1055 795 1098 mter
813 1042 985 1110 eduardum,
987 1063 1087 1138 ,regem
1103 1044 1266 1138 Anglorum,
1284 1061 1310 1101 et
1335 1047 1483 1120 Gerulum,

448 1126 544 1181 ducem
558 1124 735 1200 Burgundio,
742 1125 789 1194 qui
807 1123 925 1195 ejusdem
939 1125 1007 1196 regis
1023 1142 1142 1180 sororem
1157 1125 1186 1178 in
1203 1127 1344 1200 conjugem
1357 1129 1481 1202 accepit·

450 1221 476 1262 et
486 1206 521 1261 de
531 1206 695 1261 solemnitate
708 1191 833 1278 nuptialis
841 1205 976 1261 festivitati
967 1225 1000 1263 1.s

467 1386 700 1486 Repudiatis
691 1387 797 1483 igitur
819 1385 1069 1483 hujuscemodi
1092 1388 1186 1482 regis
1207 1389 1390 1484 amicitiis,
1413 1415 1483 1490 pro

415 1505 545 1608 quibus
559 1505 655 1605 apud
667 1529 764 1596 eum,
780 1518 816 1576 et
829 1502 889 1576 ille
905 1503 1063 1603 perfidus
1080 1509 1133 1578 W
1130 1504 1263 1594 arricta,
1282 1519 1317 1577 et
1329 1504 1380 1577 illi
1393 1509 1485 1606 regii

418 1630 578 1699 oratores
603 1616 771 1715 perplura
794 1629 997 1709 suaserant,
1028 1616 1075 1687 ad
1101 1615 1349 1714 copulandum
1366 1617 1485 1692 foedus

417 1749 525 1833 atque
544 1735 715 1808 amicitias
737 1757 820 1806 cum
846 1731 1144 1830 Burgundionum
1171 1733 1263 1806 duce
1284 1735 1486 1834 Anglorum

418 1876 480 1924 rex
502 1851 664 1923 animum
683 1848 849 1921 intendit.
870 1847 1033 1921 Habebat
1049 1849 1125 1948 ipse
1147 1855 1339 1940 sororem¹,
1366 1833 1486 1950 specie

417 1966 619 2064 elegantem
641 1962 874 2060 moribusque
897 1977 933 2036 et
954 1964 1125 2062 pudicitia
1145 1964 1352 2038 decoratam
1374 1982 1486 2066 atque

390 2085 613 2155 ornatam&
644 2085 744 2152 Hanc
777 2103 860 2152 cum
890 2078 1033 2152 illustris
1062 2079 1360 2178 Burgundionum
1387 2083 1484 2177 dur,

418 2199 540 2300 priore
562 2221 627 2270 sua
652 2195 805 2294 conjuge
829 2195 977 2269 orbatus
999 2196 1068 2294 (de
1089 2223 1161 2295 qua
1183 2198 1295 2272 filiam
1316 2203 1458 2274 unicam
1470 2255 1483 2292 ,

420 2340 499 2416 quae
517 2314 636 2386 adhuc
653 2325 831 2412 superstes
848 2317 931 2403 θεῖ’,
948 2313 1168 2410 sustulerat),
1187 2315 1234 2388 ab
1256 2316 1423 2390 Eduardo
1443 2318 1485 2391 in

421 2456 571 2508 rrxorem
592 2432 781 2530 petiisset⁴,
804 2455 913 2528 quam
933 2430 1017 2504 alibi
1035 2454 1078 2505 ea
1096 2444 1307 2531 tempestate
1323 2433 1487 2506 honora·

421 2549 527 2626 bilius
544 2545 685 2644 sibique
700 2545 821 2618 utilius
835 2545 1011 2618 collocare
1027 2569 1132 2645 posse
1146 2571 1221 2619 non
1235 2562 1398 2646 putaret,
1417 2547 1487 2622 sibi

420 2665 536 2740 libens
560 2665 597 2736 in
624 2664 816 2761 conjugem
837 2661 956 2754 dedit3
984 2647 1306 2764 percusseruntque
1330 2667 1487 2740 invicem

419 2780 537 2856 foedus
548 2780 615 2854 sub
626 2782 729 2853 certis
741 2779 1015 2880 pactionibuset
1023 2780 1301 2878 legibus¹,quod
1312 2781 1487 2856 hacteuus

423 2899 518 2973 rrltro
543 2898 705 2995 citroque
731 2899 981 2969 intemeratum
1000 2896 1284 2997 inviolatumque
1306 2899 1486 2972 acunctis

424 3016 593 3090 asseritur
608 3013 873 3114 permansisse⁸.

474 3137 600 3204 Factus
620 3129 730 3224 igitur
749 3125 917 3199 desiderii
940 3130 995 3200 sui
1015 3131 1168 3232 ‘compos
1194 3131 1489 3230 burgundionum

425 3251 521 3339 dux,
551 3243 888 3346 periculosissimam
913 3241 981 3316 sibi
1006 3259 1041 3317 et
1067 3247 1194 3320 merito
1221 3245 1490 3321 formidabilem

465 3485 495 3544 1.
517 3477 693 3560 Marguerite
705 3476 825 3537 d'Yorlr.

465 3576 497 3632 2.
520 3560 609 3650 Eloge
626 3568 677 3647 qui
696 3585 733 3628 ne
751 3565 897 3626 s’aecorde
910 3587 962 3648 pas
975 3585 1047 3631 arec
1066 3587 1106 3628 un
1124 3585 1185 3630 mot
1199 3569 1236 3630 de
1250 3570 1368 3632 Cbarles
1388 3571 1417 3632 le
1429 3569 1487 3628 Τό-

424 3659 563 3736 meram,
577 3659 713 3739 rapporte
727 3659 840 3738 d'aprds
855 3679 912 3719 une
925 3659 1087 3738 chronique
1100 3661 1208 3722 inedite
1222 3661 1294 3722 daus
1309 3661 1337 3721 la
1348 3660 1485 3722 Bibliotb.

422 3752 464 3814 de
477 3739 586 3812 l'llcole
601 3749 651 3808 des
664 3749 796 3827 Chartae,
810 3763 832 3809 t.
848 3754 863 3808 1
876 3754 918 3826 (1·
932 3750 1035 3828 serie),
1050 3771 1081 3830 p.
1097 3754 1166 3814 atr.

467 3843 496 3902 3.
519 3837 611 3899 Maris
624 3838 661 3899 de
674 3842 857 3919 Bourgogne.

467 3938 498 3996 l.
518 3937 597 4010 Certe
614 3931 755 3992 demando
773 3951 810 3994 en
822 3929 950 4011 mariage
964 3930 1119 3992 remontait
1132 3934 1148 3989 a
1162 3931 1220 3992 l’au
1235 3934 1326 4008 1466,
1342 3943 1372 3992 et
1383 3932 1426 3992 les
1438 3949 1488 3990 ac·

426 4027 512 4089 eorde
528 4027 659 4088 auruieut
671 4045 709 4086 eu
725 4026 784 4086 lieu
798 4025 848 4084 des
860 4045 893 4084 ce
908 4036 1052 4100 moment,
1066 4045 1132 4088 sans
1145 4027 1331 4108 l'opposition
1345 4025 1386 4086 du
1396 4037 1490 4086 comte

427 4119 464 4178 de
477 4117 761 4178 Warwiclr..Contin.
775 4119 852 4176 aar.
866 4117 1035 4190 Cmyland„
1050 4119 1121 4180 551.

468 4214 498 4269 6.
516 4213 555 4268 15
568 4208 663 4283 juillet
677 4209 766 4266 ttst.
784 4209 904 4285 Rymer,
918 4208 1057 4281 Foedera,
1070 4219 1140 4280 etc,
1155 4220 1176 4267 t.
1195 4211 1254 4282 xl,
1271 4229 1300 4288 p.
1318 4208 1388 4268 580.
1413 4237 1416 4244 ·

468 4303 497 4357 6.
520 4297 658 4359 L‘auteur
672 4293 792 4356 eerivait
804 4297 866 4355 cela
881 4313 918 4354 en
932 4300 1022 4360 1173.
