3282 5168
418 533 475 594 306
688 527 947 590 fflsrotttatttnt
966 525 1145 585 Lunovlct
1163 525 1208 582 XI

417 665 529 742 modo
547 662 780 740 acervicibus
795 662 867 735 suis
886 660 1013 757 jugum
1035 658 1086 730 eis
1102 655 1206 730 valde
1222 656 1403 753 ingratum
1420 681 1474 729 re·

419 784 472 883 gis
502 787 723 855 Francorum
756 791 922 852 excutere
949 787 1115 876 possent,
1143 786 1201 864 et,
1229 773 1475 846 Barcinonen-

417 897 510 970 sium
532 895 709 995 exemplo,
729 892 775 967 ad
794 917 901 966 suum
920 887 1120 964 naturalem
1139 887 1380 988 principatum
1401 911 1476 960 sese

419 1012 604 1086 reducere.

468 1127 520 1201 Au
545 1124 772 1227 quodetiam
796 1148 859 1197 eos
878 1121 1111 1222 procliviores
1125 1117 1302 1194 reddebat
1324 1119 1479 1192 barbara

419 1246 582 1348 madum
599 1247 717 1320 feritas
734 1259 842 1345 atque
857 1245 1061 1318 immanitas
1077 1241 1266 1341 cujusdam
1286 1242 1476 1342 capitanei,

419 1370 482 1470 qni
497 1370 637 1441 noviter
653 1365 700 1440 ad
716 1391 778 1440 eos
798 1390 863 1464 per
877 1370 1099 1438 Francorum
1114 1387 1258 1460 regern,
1279 1387 1347 1462 pro
1362 1376 1480 1435 custo·

421 1483 481 1556 dia
497 1483 623 1583 oppidi
639 1496 674 1556 et
689 1483 780 1554 arcis
796 1481 981 1578 ejusdem,
1004 1503 1089 1553 cum
1104 1492 1203 1552 certo
1221 1479 1374 1552 militum
1390 1501 1479 1577 pre·

419 1599 535 1687 sidio,
568 1599 682 1674 suerat
706 1598 902 1672 destinatus
913 1601 935 1669 ¹.
968 1601 1060 1670 Cum
1088 1595 1186 1668 enirn
1215 1595 1278 1669 illo
1318 1610 1479 1669 recenter

419 1716 667 1807 adventasset,
691 1715 729 1788 in
759 1713 1010 1815 publicanum
1034 1711 1173 1786 civibus
1194 1717 1477 1803 convocatione,

419 1832 537 1908 verbis
570 1832 725 1906 muttum
746 1831 969 1922 minacibus,
999 1829 1183 1930 probrosis
1214 1844 1322 1931 atque
1349 1830 1480 1930 asperis

422 1965 495 2022 tam
508 1948 555 2022 ad
567 1947 707 2021 nobiles
725 1961 827 2020 terrae
847 1971 957 2045 quarn
978 1947 1072 2020 cives
1092 1945 1163 2019 loci
1188 1947 1349 2020 invectus
1376 1947 1481 2021 fuisse

421 2063 612 2138 terebatur.
628 2061 736 2151 Quod
750 2087 876 2136 eorum
889 2063 1043 2152 animos,
1060 2062 1214 2135 tenuiter
1226 2060 1273 2135 ad
1290 2063 1481 2136 amicitiam

421 2181 562 2283 imperii
578 2185 797 2253 Francorum
818 2180 1059 2279 adglutinatos
1079 2195 1115 2254 et
1140 2177 1286 2273 affixos,
1312 2179 1416 2254 facile
1438 2176 1481 2250 ad

422 2297 659 2370 dicessionem
675 2295 902 2388 inflectebat,
924 2312 961 2370 et
977 2295 1024 2369 ab
1040 2295 1170 2369 eodem
1188 2321 1336 2396 prorsus
1352 2295 1481 2370 abalie-

423 2409 547 2486 nabat.

471 2531 662 2600 Tentarant
687 2525 794 2623 igitur
820 2523 978 2623 primum
1001 2523 1150 2623 quidam
1176 2549 1218 2599 ex
1243 2523 1429 2598 nobilibus
1451 2536 1482 2596 et

423 2642 562 2717 civibus
575 2641 667 2733 loci,
687 2643 779 2713 inter
792 2665 884 2739 quos
900 2642 1100 2739 praecipuus
1122 2656 1198 2714 erat
1214 2640 1386 2715 dominus
1404 2645 1482 2712 Ber·

424 2759 559 2832 nardus
574 2762 686 2830 Donrs
698 2758 733 2848 ¹,
757 2755 881 2842 miles,
904 2770 946 2827 ut
963 2769 1097 2829 certam
1114 2755 1278 2830 militiam
1294 2757 1387 2854 regis
1404 2761 1484 2830 Ara·

425 2901 562 2976 gonum
579 2874 673 2948 clam
692 2873 995 2962 intromitterent,
1020 2888 1057 2946 et
1086 2877 1241 2948 Francos
1269 2874 1355 2948 inde
1382 2875 1483 2972 ejice·

425 3007 507 3066 rent
518 3005 554 3066 et
562 2987 791 3089 expellerent.
807 2987 916 3077 Quod
929 3013 1013 3061 cum
1026 2989 1141 3063 sacere
1154 2992 1308 3088 aggressi
1324 2988 1482 3080 fuissent,

428 3123 475 3201 et,
497 3107 546 3182 ob
563 3130 643 3181 eam
656 3129 734 3178 rem
748 3103 1030 3205 perficiendam,
1053 3107 1193 3180 circiter
1208 3109 1484 3208 quingentorum

426 3248 600 3298 numerus
611 3224 775 3322 equitum
787 3243 901 3319 usque
914 3246 1029 3320 prope
1045 3225 1176 3297 moenia
1188 3225 1314 3324 oppidi
1326 3225 1485 3299 advenis

428 3357 530 3436 sent,
550 3365 625 3414 non
644 3352 841 3440 potueruut
858 3339 1117 3436 conjurationis
1133 3357 1297 3416 auctores
1313 3343 1370 3432 id,
1392 3337 1484 3442 quod

427 3482 468 3534 se
483 3457 640 3534 tacturos
657 3469 904 3556 susceperant,
919 3455 1116 3558 adimplere
1127 3461 1151 3531 ⁸.
1172 3463 1263 3534 Nam
1280 3483 1365 3534 cum
1380 3463 1486 3534 inter·

470 3753 501 3810 1.
516 3741 617 3809 C'etait
628 3744 752 3806 Antoine
765 3743 806 3804 du
818 3747 893 3816 Lan,
903 3742 1039 3823 seigneur
1051 3744 1088 3804 de
1102 3744 1312 3822 Chtteaunenf,
1328 3767 1369 3810 ou
1383 3749 1487 3810 Castel-

430 3857 500 3911 nau‚
514 3834 635 3896 d‘abord
648 3835 711 3894 l'un
724 3834 776 3893 des
789 3833 856 3913 plus
869 3831 976 3914 grands
988 3834 1096 3894 favoris
1109 3834 1149 3895 du
1163 3837 1220 3911 roi,
1234 3838 1284 3916 qui
1300 3839 1370 3899 etait
1382 3841 1488 3901 ensuite

430 3925 526 3985 tombe
541 3944 578 3984 en
594 3923 736 4004 disgrdce,
750 3922 829 3982 avait
843 3922 888 3981 etc'
902 3922 1060 4000 incarcirc',
1075 3925 1170 3987 s’etait
1181 3927 1307 3988 ensuieu
1320 3933 1488 4012 Bourgogne

430 4026 459 4076 ct
473 4014 571 4074 venuit
584 4011 730 4072 d’obrenir
744 4031 776 4071 sa
789 4010 1016 4072 reconciliation.

470 4106 500 4164 2.
523 4108 598 4162 Dum
619 4101 691 4162 dans
706 4101 735 4162 le
748 4120 803 4160 ms.
818 4105 860 4162 Le
873 4119 943 4162 nom
956 4114 1000 4161 est
1015 4101 1115 4166 d’oms
1129 4125 1167 4166 en
1180 4106 1320 4186 Μυρὼ,
1335 4116 1366 4168 et
1380 4107 1487 4168 rom

429 4217 467 4259 en
479 4197 603 4260 earum.

472 4291 501 4347 3.
521 4291 694 4366 &ceperam
707 4289 899 4366 adimplerent
909 4285 981 4348 dans
994 4287 1023 4348 le
1041 4309 1096 4352 ms.
