3282 5168
586 525 695 582 unna
723 522 905 598 Quassus.
1217 529 1272 589 an

220 655 265 728 ad
284 655 460 753 liquidum
481 655 639 728 constitit
664 655 786 728 omnia
811 655 892 729 ficte
916 670 951 727 et
975 655 1137 729 simulate
1153 682 1274 732 secum

219 787 297 846 acta
325 772 443 866 luisse,
469 797 579 872 seque
601 773 720 845 verbis
741 771 899 871 pacificis
914 773 952 843 in
976 771 1063 845 dolo
1087 773 1275 847 detentum

218 887 324 960 luisse
349 904 385 960 et
409 887 698 962 delusum-Nam
714 913 797 960 cum
814 911 921 987 super
937 890 1121 986 promissis
1138 905 1273 963 etcum

217 1027 262 1074 eo
287 1004 520 1102 compactatis
539 1003 642 1101 legati
666 1004 779 1099 regis,
806 1016 847 1075 ut
868 1001 937 1075 sibi
959 1002 1005 1074 de
1028 1003 1275 1101 hujuscemodi

220 1121 560 1193 conventis‘litteras
582 1120 674 1215 regis
695 1118 914 1192 authenticas
929 1134 1165 1217 reportarent,
1187 1126 1274 1191 Am·

219 1233 344 1310 bianos
369 1261 481 1336 usque
503 1262 540 1309 se
562 1236 784 1335 profecturos
806 1234 994 1325 dixissent,
1021 1234 1068 1306 ad
1094 1260 1178 1307 eum
1207 1236 1274 1307 mi·

218 1351 316 1422 nime
334 1367 460 1450 postea
476 1352 672 1439 redierunt,
686 1376 753 1422 nec
774 1351 820 1422 de
837 1350 1044 1448 hujusmodi
1063 1351 1176 1449 pactis
1202 1374 1274 1424 am·

218 1467 312 1567 plius
325 1469 397 1542 ulla
413 1471 549 1541 mentio
563 1467 686 1540 habita
702 1469 784 1539 est¹.
855 1504 856 1508 =

266 1583 428 1656 Sentiens
451 1584 559 1680 igitur
583 1581 880 1680 Burgundionum
909 1579 982 1652 dux
1009 1581 1138 1654 talibus
1160 1581 1275 1654 fictio-

218 1698 325 1772 nibus
352 1713 389 1772 et
418 1697 706 1772 simulationibus
735 1723 773 1770 se
803 1696 985 1791 delusum,
1019 1713 1055 1770 et
1084 1713 1209 1774 contra
1237 1724 1275 1772 se

221 1841 344 1889 revera
372 1832 408 1888 et
439 1816 570 1889 ducem
590 1816 799 1909 Britanniae,
823 1813 891 1886 sibi
907 1814 1132 1906 soederatum,
1155 1819 1278 1888 omnia

216 1932 360 2006 hostilia
392 1935 604 2033 praeparari,
635 1959 720 2006 cum
753 1955 883 2030 magna
912 1931 1115 2029 diligentia,
1146 1935 1276 2006 exactis

218 2051 374 2149 treugis¹,
396 2077 503 2124 suum
520 2051 748 2150 congregavit
761 2049 975 2145 exercitum,
990 2065 1026 2122 et
1044 2050 1081 2124 in
1099 2051 1220 2123 castris
1236 2051 1273 2124 in

222 2167 315 2261 agris
333 2166 623 2241 atrebatensibus
638 2193 676 2240 se
693 2167 835 2239 locavit.

266 2283 352 2354 lude
369 2308 455 2355 vero
478 2309 627 2356 movens
649 2308 734 2356 cum
755 2282 919 2355 maximis
935 2282 1098 2382 equitum
1114 2297 1150 2354 et
1174 2282 1271 2382 pedi-

215 2411 292 2472 tum
305 2401 438 2500 copiis,
467 2416 502 2473 et
517 2425 646 2498 magna
657 2423 828 2472 curruum
842 2414 879 2471 et
893 2397 1141 2472 machinarum
1157 2400 1277 2472 multi-

216 2515 354 2609 tudine,
369 2532 483 2589 castra
497 2533 623 2589 contra
637 2514 851 2614 oppidulum
859 2516 980 2588 Nesle⁸
990 2515 1026 2586 in
1035 2515 1275 2590 Veromandia

215 2647 368 2705 metatus
384 2650 449 2706 est.
480 2634 532 2706 Ad
556 2633 655 2732 quod
675 2630 997 2704 communiendum
1019 2655 1081 2704 rex
1104 2631 1275 2729 quadrin-

215 2764 341 2845 gentos
359 2750 509 2849 pedites,
541 2749 682 2821 illorum
707 2771 798 2846 quos
825 2748 968 2819 francos
989 2747 1187 2843 sagittarios
1211 2773 1274 2847 ap·

216 2867 367 2964 pellant,
394 2892 462 2965 pro
479 2865 643 2965 praesidio
664 2865 919 2937 transmiserat.
948 2867 1198 2962 Expugnatum
1222 2880 1275 2938 est

216 2997 334 3054 autern
353 2984 472 3054 statim
499 2983 617 3081 ipsum
643 2978 869 3079 oppidulum,
887 2993 924 3051 et
938 2979 1035 3052 caesis
1053 2978 1108 3050 his
1124 2980 1187 3077 qui
1203 2980 1273 3054 illic

213 3100 340 3172 armati
357 3114 472 3192 erant,
493 3100 600 3171 etiam
616 3094 785 3170 incendio
802 3095 926 3168 datum
942 3095 1038 3167 fuir.
1060 3099 1138 3168 lino
1153 3112 1272 3171 autem

214 3213 346 3287 lactum
361 3213 436 3286 lore
446 3202 589 3287 aiebant
598 3215 635 3285 in
645 3210 818 3285 ultionem
828 3213 924 3285 necis
936 3211 1123 3309 cujusdam
1132 3212 1270 3286 heraldi

215 3333 413 3421 seununtii,
427 3329 841 3430 quemcumssurgundiae
849 3329 1271 3432 duxadoppidanosprae·

214 3449 378 3539 misisset,
398 3445 676 3520 comminando⁸
700 3460 736 3518 et
757 3444 974 3558 summando
990 3469 1053 3517 eos
1069 3459 1109 3516 ut
1124 3464 1271 3545 sponta-

255 3660 284 3716 l.
306 3657 459 3735 L’outrage
477 3655 521 3712 lut
532 3651 600 3711 bien
615 3649 680 3730 plus
693 3649 803 3731 grand,
824 3650 940 3709 suivant
952 3653 1130 3726 Commines,
1148 3653 1272 3732 puisqne

211 3747 300 3808 Louis
312 3747 355 3806 XI
372 3771 386 3800 a
400 3762 529 3820 renvoya
543 3761 613 3801 avec
631 3739 833 3819 tres-maigres
849 3737 983 3819 paroles,
998 3759 1064 3800 sans
1080 3743 1197 3801 vouloir
1209 3744 1272 3803 rien

209 3837 305 3912 juver,
323 3857 337 3887 v
353 3854 393 3893 un
412 3830 663 3914 plenipotentiaire
683 3829 797 3888 duduc
817 3827 868 3907 qui
882 3827 950 3888 erait
967 3849 1045 3888 venu
1063 3829 1203 3890 chercher
1218 3851 1271 3891 son

213 3936 350 3987 serment.
366 3927 531 3996 Me'mor'res,
546 3921 565 3981 l.
580 3923 634 3995 ΠΙ,
649 3939 676 3977 ο.
690 3938 732 3977 nr.

252 4018 283 4078 2.
305 4018 347 4073 La
360 4015 440 4072 neve
454 4010 525 4070 erait
536 4010 653 4090 expiree
666 4019 820 4086 ovantque
834 4007 862 4066 le
872 4005 929 4066 duc
941 4005 978 4066 de
989 4007 1123 4070 Guienne
1141 4011 1269 4070 mnurdt.

254 4107 284 4163 3.
304 4107 377 4162 Nete
391 4101 463 4160 dans
477 4099 505 4158 le
517 4119 571 4160 ms.

253 4199 282 4252 t.
306 4193 418 4268 sajum
434 4193 524 4251 tua.

254 4287 283 4343 5.
308 4284 477 4343 Commendo
491 4280 562 4340 dans
576 4280 604 4339 le
616 4299 670 4338 ms.
