3282 5168
344 493 401 552 ³00
615 491 873 572 utriculanum
890 491 1070 550 Lunovtcl
1088 493 1132 550 XI

342 623 630 714 conestabularii,
648 605 869 724 imputarent
885 623 985 722 quod
1001 631 1077 697 non
1093 621 1199 701 fiterit
1216 647 1300 697 cum
1318 629 1407 698 Bur-

342 738 586 840 gundionibus
603 740 824 813 dimicatum.
852 738 961 827 Quod
979 754 1118 812 certum
1137 739 1294 812 multum
1309 740 1405 812 veri-

342 856 457 928 simile
480 871 549 950 est,
577 857 660 953 quia
678 856 774 928 idem
791 879 913 928 comes
929 854 1024 927 ultro
1050 855 1214 952 citroque
1239 855 1408 955 proditor

342 973 516 1072 pessimus
540 987 632 1062 erat,
658 970 970 1070 quemadmodum
993 970 1135 1070 plenius
1160 972 1199 1043 in
1223 972 1405 1070 sequenti-

341 1089 409 1162 bus
427 1089 627 1189 apparebit.

391 1210 483 1279 Cum
509 1218 629 1278 autem
649 1226 763 1302 prope
785 1202 1048 1300 Rothomagum
1071 1226 1138 1302 per
1162 1217 1320 1301 quatuor
1340 1217 1407 1275 aut

342 1329 504 1426 quinque
529 1323 606 1396 dies
632 1337 916 1398 castrametatus
944 1322 1086 1415 fuisset,
1105 1349 1171 1423 per
1187 1323 1294 1396 aliam
1309 1322 1406 1397 mam

342 1441 389 1517 ad
406 1441 496 1516 fines
515 1465 600 1514 suos
615 1455 816 1533 revertens,
835 1439 1009 1531 similiter,
1034 1443 1087 1514 uti
1104 1443 1141 1514 in
1158 1440 1338 1514 veniendo
1353 1440 1402 1514 ie·

343 1573 455 1650 cerat,
481 1557 583 1632 villas
607 1582 734 1630 omnes
761 1557 939 1652 vastabat3
968 1559 1285 1659 percursandoque
1302 1581 1406 1655 agros

343 1675 573 1749 Belvacenses
592 1688 627 1746 et
646 1673 947 1747 Viromandenses
963 1699 1005 1746 ac
1030 1675 1329 1764 Noviomenses¹,
1347 1697 1408 1746 us·

344 1814 415 1890 que
446 1788 493 1864 ad
521 1789 656 1862 flumen
687 1793 809 1880 lsaroe,
833 1789 956 1862 omnia
984 1788 1195 1889 populando
1227 1787 1403 1881 lustravit,

344 1908 547 2003 mrdtasque
574 1929 673 1977 arces
697 1919 732 1977 et
756 1904 917 1995 castella,
946 1906 982 1978 in
1010 1904 1143 2003 quibus
1168 1905 1288 1977 minus
1305 1918 1405 1978 erant

345 2022 560 2096 sufficientes
578 2021 815 2116 munitiones,
834 2021 892 2094 vel
909 2023 963 2115 vi,
981 2022 1038 2097 vel
1056 2022 1239 2095 deditione
1256 2021 1403 2121 recepit.

344 2145 416 2212 Nec
440 2161 462 2210 a
481 2137 542 2211 tali
557 2137 810 2237 pervagatione
827 2152 862 2210 et
875 2137 1110 2238 populatione
1130 2161 1197 2237 per
1219 2150 1330 2210 terras
1351 2161 1408 2210 re·

343 2255 432 2351 gis„
449 2268 718 2352 castrorumque
753 2253 885 2351 ubique
907 2253 1217 2327 circumductione
1243 2253 1404 2348 cessavit,

344 2368 463 2441 donec
487 2367 701 2440 adveniente
721 2382 757 2440 et
780 2368 934 2456 instante
955 2367 1096 2459 hieme,
1120 2368 1213 2440 inter
1237 2392 1357 2466 regem
1372 2382 1410 2440 et

345 2485 463 2584 ipsum
480 2485 631 2574 iterum,
656 2482 724 2556 sub
751 2508 814 2583 spe
838 2483 1111 2558 reconciliandae
1134 2483 1249 2583 pacis,
1277 2497 1409 2582 treugae

346 2617 458 2703 captae
474 2616 509 2674 et
525 2599 671 2674 firmatae
685 2614 823 2689 essent,
842 2600 1021 2674 duraturae
1044 2625 1108 2700 per
1119 2599 1277 2674 hiemem
1294 2625 1409 2700 usque

345 2718 393 2791 ad
410 2718 576 2791 calendas
596 2717 679 2790 maii
690 2718 714 2788 ¹.
731 2720 820 2805 Quae
836 2716 1071 2816 postmodum
1089 2717 1195 2790 etiam
1214 2717 1343 2792 exinde
1359 2718 1407 2793 ad

348 2855 485 2904 annum
500 2831 679 2927 integrum
696 2843 895 2928 prorogatae
911 2828 1067 2903 luerunt.

705 3087 965 3190 murmuri
996 3121 1056 3188 ιιι.

488 3297 527 3351 De
538 3295 607 3351 dolis
619 3294 723 3350 comitis
734 3293 878 3350 Arminiaci
890 3295 1029 3368 ipsiusque
1043 3293 1114 3349 orode
1129 3307 1155 3349 et
1165 3294 1276 3350 civitatis

673 3393 726 3428 suc
737 3375 902 3429 lectorensis
912 3375 1081 3430 crematione.

396 3545 493 3623 Licet
506 3562 626 3623 autem
636 3545 845 3644 hujusmodi
857 3561 989 3646 treugae
1000 3547 1165 3621 nonnihil
1177 3546 1414 3621 commodita-

346 3670 391 3742 tis
412 3666 479 3740 sibi
494 3665 740 3766 importarint,
755 3679 863 3762 atque
879 3666 987 3737 ctiam
1004 3665 1089 3738 duci
1106 3666 1311 3755 Britanniae,
1327 3665 1409 3762 qui,

349 3785 434 3857 licet
448 3781 583 3855 viribus
599 3782 747 3854 inferior
765 3779 861 3854 etad
879 3780 1187 3879 congrediendum
1205 3781 1279 3879 regi
1296 3781 1414 3880 impar

390 3977 419 4034 l.
435 3971 697 4031 'Noviomandenses
711 3969 783 4030 dans
793 3969 821 4028 le
834 3987 889 4029 ms.

389 4064 418 4120 Ξ.
441 4063 521 4122 cette
535 4061 634 4136 treve,
647 4059 725 4140 prise
739 4061 766 4119 le
783 4063 801 4120 3
814 4057 975 4120 novembre
990 4062 1080 4138 itta,
1100 4060 1199 4122 devait
1212 4059 1302 4121 durcr
1313 4061 1412 4122 seule·

347 4150 575 4320 pepgp’usqu’m
604 4153 644 4210 ¹⁸¹
663 4149 748 4211 avril.
773 4149 895 4232 Lenglet
917 4151 1093 4272 Duiresnoy,
1114 4155 1288 4225 commines,
1309 4163 1330 4210 t.
1352 4153 1413 4222 111,
