3384 5184
388 507 445 561 aar
659 507 915 572 msrnmsuuu
934 507 1111 574 uunovrcr
1131 511 1188 568 xr-
1263 477 1272 496 '

387 637 502 725 mine,
533 635 730 714 custodiam
745 653 781 709 et
809 635 999 712 officiarios
1025 638 1073 720 ed
1098 640 1444 724 administrationem

386 735 536 826 civitatis
553 769 587 826 et
602 755 737 852 patriae.

435 873 514 958 Qua
544 869 691 970 perfidia
722 870 819 947 idem
841 869 914 944 dm
941 871 1112 946 Borbonii
1135 898 1211 948 uon
1239 889 1442 965 contentus,

386 987 554 1066 eumdem
571 988 677 1060 etiam
694 987 820 1063 dolum
835 987 871 1058 in
889 989 1066 1065 Vernonis
1088 989 1244 1088 oppido,
1265 990 1356 1065 duce
1377 1017 1444 1090 op·

387 1104 477 1178 timo
484 1103 710 1178 Normaoniae
723 1103 844 1179 omnia
860 1126 903 1177 ex
918 1103 1014 1176 bono
1030 1101 1101 1176 lide
1116 1107 1172 1203 agi
1188 1107 1318 1180 dehere
1331 1108 1445 1182 existi·

378 1235 518 1310 moute,
547 1219 707 1310 admisit,
737 1220 854 1317 ipsum
884 1219 1048 1316 nequiter
1078 1234 1113 1290 et
1141 1220 1332 1299 infideliter
1358 1248 1443 1322 spo·

326 1348 329 1356 ’
385 1333 506 1411 liando
523 1349 559 1408 et
575 1333 642 1405 sub
655 1335 746 1431 regis
763 1348 971 1432 potestatem
988 1333 1224 1418 traducendo.

433 1449 502 1524 Sed
529 1464 564 1521 et
589 1449 674 1528 alies
694 1450 803 1524 etiam
822 1451 928 1545 louge
949 1452 1221 1548 periculosiores
1239 1452 1305 1536 sibi
1324 1477 1445 1552 aroge

384 1565 529 1643 insidias
548 1565 644 1646 idem
666 1565 739 1643 dux
761 1565 880 1652 tendi,
896 1565 1141 1642 advisamento
1158 1569 1359 1666 aliquorum
1375 1570 1442 1645 sibi

384 1681 695 1768 fidelissimorum,
711 1706 803 1776 quos
817 1681 862 1759 de
880 1680 1105 1780 Rothomago
1123 1708 1245 1768 seeum
1265 1687 1306 1760 iu
1318 1686 1441 1768 'rensi-

382 1797 503 1876 liarios
524 1809 781 1893 assumpserat,
809 1795 967 1890 agnovit.
996 1797 1134 1872 Certior
1159 1799 1259 1881 enirn
1290 1823 1354 1902 per
1380 1823 1442 1878 eos

382 1911 581 1992 tactostut
606 1910 855 2012 (quttmidias
871 1909 1141 2006 hujuscemodi,
1161 1913 1232 1992 fide
1251 1914 1442 2011 dignorum

383 2029 513 2115 relatu,
548 2039 751 2123 compertas
778 2022 984 2122 habehant)
1009 2029 1160 2124 qruliter
1189 2029 1239 2112 ad
1269 2031 1373 2108 viltas
1397 2031 1442 2107 de

382 2141 538 2219 Coochis
562 2156 598 2214 et
620 2141 666 2219 de
683 2145 834 2238 Basseyo
846 2145 855 2179 ¹
869 2141 1026 2240 aliasque
1047 2146 1182 2230 vicinos
1203 2172 1265 2225 rea
1284 2147 1388 2250 ¹vaire
1407 2163 1442 2221 et

382 2259 529 2351 callide,
545 2259 760 2358 praecedeuti
774 2273 901 2345 noete,
925 2261 1075 2336 ruisisset
1087 2262 1366 2361 quadringentos
1378 2281 1443 2346 aut

382 2379 597 2473 quingentas
610 2377 771 2466 lanceas,
795 2403 815 2449 a
832 2377 984 2475 quibus,
1001 2404 1085 2452 cum
1102 2379 1179 2457 aliis
1194 2405 1275 2478 qure
1293 2381 1369 2456 sine
1386 2383 1440 2453 in·

382 2494 618 2594 ter-polatione
642 2493 892 2583 confluebant,
926 2509 1032 2566 nocte
1055 2495 1239 2592 proxima,
1267 2497 1336 2569 nisi
1357 2495 1441 2570 inde

381 2608 580 2689 discederet
590 2664 600 2701 ‚
611 2623 688 2684 erat
698 2607 887 2692 obsidione
900 2608 1132 2691 claudendus.
1149 2613 1193 2686 Et
1208 2610 1280 2682 hoc
1294 2610 1440 2708 quidem

380 2847 468 2888 venu.
487 2833 524 2890 Et
543 2843 664 2912 pensant
678 2829 790 2892 mondit
806 2830 942 2910 seigneur
959 2831 996 2891 de
1014 2831 1149 2892 Bourbon
1168 2852 1226 2978 ipre
1245 2831 1288 2892 les
1307 2831 1441 2892 matieres

379 2937 411 2975 se
421 2917 558 2976 deusseut
568 2919 683 2977 traicter
694 2919 905 2997 pardoulceur,
916 2919 938 2977 il
948 2921 1010 2978 vint
1019 2919 1139 2997 jusques
1150 2923 1166 2978 a
1198 2939 1290 2979 vreux
1301 2943 1308 2976 :
1321 2920 1440 2979 l'entree

379 3007 416 3066 rie
437 3007 561 3084 laquelle
582 3008 650 3066 ville
673 3006 714 3065 lui
738 3007 780 3064 fut
802 3007 914 3066 relusee
939 3029 992 3086 par
1010 3009 1103 3068 iehan
1127 3008 1163 3067 de
1184 3009 1338 3082 hormino,
1363 3027 1440 3068 non-

379 3095 561 3172 obstantque
574 3095 684 3154 mandit
698 3096 834 3175 seigneur
845 3095 881 3154 de
893 3095 1031 3156 Bourbon
1044 3097 1094 3180 luy
1106 3111 1170 3157 eust
1182 3099 1225 3157 dit
1235 3111 1264 3157 et
1275 3097 1388 3156 declare
1400 3098 1441 3157 les

378 3204 479 3244 causes
493 3185 530 3243 de
543 3203 574 3242 sa
589 3203 686 3243 venue
702 3197 731 3242 et
743 3183 836 3242 ollrist
848 3184 916 3243 telle
930 3187 1036 3258 seurte,
1052 3208 1128 3266 pour
1140 3189 1169 3247 le
1183 3187 1232 3246 sait
1248 3186 1285 3247 de
1298 3186 1349 3265 luy
1362 3200 1391 3246 et
1404 3187 1440 3246 de

378 3274 483 3334 ladicte
495 3273 576 3348 ville,
591 3273 662 3351 qu’il
677 3286 741 3331 eust
753 3273 844 3330 voulu
861 3273 1028 3334 demonder.
1047 3277 1159 3353 Voyant
1174 3274 1327 3354 lesquelles
1339 3275 1441 3335 choses

379 3361 450 3420 ledit
463 3363 668 3442 monseigneur
682 3361 718 3422 dc
731 3363 880 3436 osorton,
891 3377 920 3423 et
932 3370 1023 3442 qu’on
1033 3368 1112 3426 avoir
1125 3367 1178 3426 mis
1188 3367 1323 3450 garnison
1335 3369 1353 3424 ir
1364 3371 1441 3426 Lou-

379 3450 473 3524 viers,
495 3462 523 3508 et
540 3450 611 3526 qn'il
633 3451 718 3510 estoit
734 3451 805 3510 voix
822 3472 976 3513 commuue
994 3474 1050 3532 que
1067 3455 1158 3536 'grant
1178 3454 1301 3514 nombre
1320 3455 1440 3533 degens

379 3539 505 3597 d’armes
517 3539 655 3598 venoicnt
668 3539 749 3598 audit
761 3529 889 3614 livreux,
905 3542 1018 3604 mondit
1030 3543 1166 3625 seigneur
1180 3545 1216 3604 de
1228 3542 1366 3606 Bourbon
1379 3549 1440 3606 s'en

378 3639 516 3687 retourne
522 3627 602 3688 audit
609 3628 667 3688 lieu
674 3629 710 3690 de
719 3634 829 3690 Dreux.
842 3657 855 3680 n
867 3636 1054 3704 (Documento
1064 3633 1180 3708 inedita,
1191 3637 1354 3710 Me'drnges,
1366 3645 1387 3692 t.
1398 3637 1439 3706 11,

378 3741 409 3798 p.
422 3723 505 3791 431.)
520 3719 702 3798 Cependant,
723 3741 836 3787 comme
848 3721 972 3782 Thomas
985 3724 1071 3783 Basin
1090 3723 1202 3784 revient
1215 3743 1264 3782 sur
1278 3741 1311 3782 sa
1324 3724 1440 3796 version

379 3809 450 3868 dans
462 3801 513 3868 sou
526 3809 666 3890 Apologie
675 3811 711 3883 (l.
723 3816 749 3888 1,
764 3833 790 3871 c.
802 3835 833 3871 vr
842 3817 863 3886 l,
876 3826 904 3872 et
915 3813 1024 3891 qu'uue
1037 3814 1104 3874 telle
1117 3815 1270 3874 insistonce
1280 3834 1318 3874 ue
1328 3825 1440 3893 peruret

380 3919 430 3978 pas
445 3899 481 3960 de
497 3899 593 3958 croire
608 3902 677 3979 qu'il
698 3921 731 3962 se
749 3903 803 3962 soit
821 3906 935 3983 trompe
949 3904 985 3964 de
1000 3918 1061 3964 tout
1074 3905 1172 3983 point,
1188 3906 1209 3964 il
1226 3906 1287 3964 faut
1299 3904 1440 3963 admettre

379 4009 435 4067 que
451 3990 477 4048 le
496 4009 600 4067 moyen
617 4009 670 4070 par
689 3991 784 4070 lequel
800 3994 828 4052 le
843 3993 900 4052 duc
917 3992 954 4052 de
975 3993 1109 4054 Bourbnn
1131 3995 1273 4074 s'empa'ra
1292 3981 1454 4054 d’livreux·

378 4080 422 4138 fut
440 4101 479 4138 un
496 4081 667 4161 stratagema
680 4080 806 4162 imagine
822 4082 944 4162 perlui,
959 4084 1043 4166 apres
1057 4085 1127 4163 qu’il
1142 4097 1192 4144 eut
1204 4083 1306 4163 essuye
1320 4084 1348 4144 le
1361 4083 1439 4144 relus

378 4167 497 4229 delean
511 4169 548 4231 de
561 4169 710 4229 Lorraine.
1544 4229 1548 4238 .

419 4263 447 4320 l.
461 4261 590 4322 Conches
601 4275 630 4321 et
642 4264 729 4340 Pacy,
744 4261 928 4337 aujourd'hui
943 4261 1014 4322 dans
1027 4261 1055 4324 le
1066 4263 1264 4343 departement
1278 4262 1314 4322 de
1327 4264 1436 4324 l’Eure.
