3402 5186
633 537 743 594 LIBER
762 537 910 596 PRIMUS.

590 861 846 932 capitutum
871 861 963 930 XlX.

319 1063 358 1114 De
371 1059 504 1116 discordia
516 1079 563 1116 seu
573 1061 703 1116 simultate
712 1073 770 1114 orta
780 1060 849 1114 inter
861 1079 933 1133 reges
943 1059 1059 1115 Francia
1070 1071 1096 1113 et
1105 1061 1237 1128 Castalio,

683 1142 770 1196 statim
781 1139 881 1195 sedata.

298 1331 369 1406 Sed
395 1334 585 1432 quoniam,
609 1336 787 1408 anteriore
806 1347 986 1433 tempore,
1010 1357 1073 1406 rex
1096 1333 1253 1408 Castellae
1276 1349 1311 1408 et

252 1451 428 1548 Legionis¹
452 1475 574 1548 regem
604 1453 811 1548 Aragonum
839 1450 938 1522 velut
967 1447 1108 1522 hostem
1136 1449 1309 1546 habebat,

251 1589 326 1638 non
346 1589 474 1665 parum
498 1567 572 1664 regi
595 1566 778 1640 Ludovico
805 1569 1025 1638 Francorum
1047 1563 1206 1638 infensus
1228 1567 1311 1661 tuit,

252 1681 369 1780 quod,
396 1684 458 1754 eo’
477 1681 701 1776 inconsulto,
727 1705 811 1754 curn
835 1680 939 1752 hoste
961 1705 1027 1753 suo
1052 1680 1186 1754 foedera
1208 1696 1315 1780 atque

251 1797 424 1870 amicitias
448 1797 663 1897 copulasset.
693 1795 818 1871 Aiebat
837 1797 936 1870 enim
955 1822 1021 1897 per
1045 1797 1117 1871 hoc
1139 1813 1316 1871 vetustam

237 1915 524 2024 fraternitatem,
547 1917 642 1990 inter
663 1920 881 1989 Francorum
901 1931 938 1989 et
958 1915 1116 1989 Castellae
1136 1941 1235 2012 reges
1254 1915 1316 1988 fir·

254 2031 409 2102 missime
428 2031 585 2128 juratam
609 2045 645 2105 et
670 2031 882 2129 gravissimis
905 2030 1066 2104 censuris
1090 2054 1317 2103 summorum

254 2145 466 2245 pontificum
483 2146 693 2220 roboratam
709 2171 752 2219 ac
769 2146 960 2238 sancitam,
982 2143 1133 2218 violasse
1152 2160 1189 2217 et
1208 2144 1317 2217 abru-

254 2263 365 2361 pisse,
384 2288 468 2336 cum
480 2288 547 2336 suo
563 2262 667 2335 hoste
683 2262 923 2335 infensissimo
936 2259 1099 2358 ligantias
1112 2260 1288 2333 faciendo.

305 2383 453 2480 Propter
481 2404 591 2478 quam
617 2397 762 2452 causam
787 2379 921 2452 veritus
945 2377 1148 2449 Ludovicus
1176 2401 1239 2470 ne,
1269 2376 1317 2449 ob

258 2521 339 2570 eam
363 2521 457 2586 rem,
485 2509 587 2567 vetus
604 2494 672 2578 ,illa
697 2508 733 2566 et
757 2519 823 2592 per
845 2508 900 2565 tot
926 2517 1052 2590 regum
1077 2494 1319 2565 successiones

256 2637 397 2711 semper
423 2613 636 2684 inconcusse
662 2608 850 2682 observata
877 2609 1077 2681 fraternitas
1103 2608 1316 2699 solveretur,

255 2725 494 2823 legationibus
511 2726 581 2823 egit
601 2738 658 2815 ut,
680 2723 727 2796 ad
745 2719 1015 2796 reformandum
1037 2723 1224 2814 amicitias,
1244 2724 1319 2822 ipse

257 2855 293 2914 et
313 2867 375 2914 rex
397 2841 554 2914 Castellae
575 2841 614 2913 in
637 2839 760 2912 locum
782 2841 923 2932 unum⁸,
950 2840 987 2911 in
1013 2838 1199 2937 utriusque
1218 2840 1318 2936 regni
1350 2861 1352 2864 ·

184 3043 186 3048 ,
257 2957 441 3051 limitibus,
456 2958 704 3031 convenirent.
717 2960 769 3027 Ex
779 2955 949 3029 condicto
962 2956 1095 3054 itaque,
1107 2954 1208 3052 juxta
1219 2957 1320 3029 Baio·

259 3098 356 3166 nam,
374 3098 488 3174 prope
504 3074 656 3146 flumen*
672 3072 773 3171 quod
788 3074 826 3144 in
841 3096 883 3145 ea
901 3086 1001 3171 parte
1017 3072 1201 3171 utriusque
1219 3071 1321 3168 regni

259 3189 408 3263 limitem
424 3190 519 3282 lacit,
537 3189 583 3263 ad
599 3189 831 3262 constitutam
847 3188 960 3260 diem⁸
973 3187 1080 3261 ambo
1094 3214 1208 3285 reges,
1229 3203 1321 3262 uter-

300 3397 329 3453 t.
352 3394 444 3453 Henri
456 3397 514 3468 IV,
537 3392 583 3452 roi
602 3391 639 3451 de
657 3390 772 3452 Castille
791 3403 821 3451 et
842 3389 993 3464 daneon,
1011 3394 1183 3453 entretenait
1199 3393 1276 3456 alors
1291 3395 1321 3458 la

260 3503 365 3563 guerre
384 3485 455 3545 dans
475 3485 503 3544 la
518 3488 663 3559 Navarra,
681 3501 732 3542 sur
751 3482 876 3561 laquelle
890 3483 909 3541 il
924 3484 1003 3544 avait
1018 3483 1069 3544 des
1084 3485 1276 3565 protentione,
1293 3499 1321 3548 et

260 3574 408 3634 favorisait
419 3595 455 3634 en
469 3577 563 3634 meme
576 3587 669 3653 temps
682 3572 894 3632 l’insurrection
909 3572 945 3632 de
956 3573 984 3633 la
998 3574 1164 3656 Catalogne.

301 3669 331 3728 2.
353 3668 377 3726 ll
391 3667 519 3728 faudrait
530 3689 562 3728 se
574 3687 613 3728 au
626 3666 686 3726 lieu
699 3665 737 3725 de
750 3686 793 3728 eo.
1063 3731 1068 3744 Ι

304 3759 333 3815 3.
356 3759 461 3816 Contre
472 3778 514 3816 nn
524 3757 628 3817 rocher
638 3761 690 3816 sur
702 3755 731 3814 la
744 3755 806 3814 rive
821 3754 960 3832 franceise
975 3755 1011 3815 de
1023 3755 1052 3816 la
1065 3756 1220 3830 Bidassoa‚
1237 3757 1320 3822 selon

261 3846 355 3927 Diego
374 3845 537 3924 Henriquez
561 3847 598 3907 de
622 3845 756 3920 Castillo,
782 3849 901 3905 Cronica
927 3847 978 3903 del
1001 3867 1051 3922 η’]
1076 3851 1116 3910 D.
1139 3851 1266 3926 Eurique
1292 3855 1324 3907 el

261 3950 378 4015 quarto,
400 3955 427 3994 c.
448 3955 526 3998 xmx.
547 3937 710 3998 commines
729 3933 826 4009 ajoute
842 3952 899 4012 que
917 3953 951 3995 ce
972 3935 1015 3996 lut
1030 3935 1137 3998 devant
1152 3938 1181 3998 le
1200 3937 1321 4000 chiteau

261 4024 423 4088 d’Urtubie.

302 4120 332 4176 l.
355 4120 396 4176 La
412 4114 558 4177 Bidassoa.

305 4220 335 4276 5.
357 4219 398 4274 Le
414 4215 484 4288 jour
496 4216 571 4272 n’est
582 4229 634 4290 pas
648 4209 763 4288 specifie
775 4229 829 4289 par
843 4211 885 4271 les
900 4211 1121 4290 chroniqueurs‚
1137 4210 1210 4273 mais
1229 4217 1323 4278 e’etait

264 4325 302 4365 au
313 4305 413 4365 milieu
422 4304 461 4364 du
471 4302 543 4362 mois
555 4300 658 4360 d’avril
670 4303 759 4363 1⁴63.
770 4304 843 4378 Voy.
855 4301 896 4360 les
909 4301 1004 4380 pisces
1016 4302 1067 4379 qui
1081 4323 1111 4361 se
1126 4321 1293 4384 rapportent
1306 4313 1322 4367 'a
