3402 5186
371 511 409 574 ⁴2
644 503 901 564 mstontltttttt
917 501 1096 564 Luttovtct
1114 503 1157 561 xt

370 667 411 717 ac
427 640 603 720 siluerunt
613 641 635 730 ¹,
654 635 854 736 quibusque
874 633 1017 712 tributis
1042 637 1116 735 regi
1134 635 1268 736 placuit
1286 639 1430 716 „mena

370 781 540 848 onerare,
557 755 755 828 servierunt
769 780 777 823 :
791 748 900 850 longe
917 750 1018 824 aliter
1033 752 1195 850 prolecto
1207 755 1432 856 nimiumque

369 870 587 946 dissimiliter
603 893 713 968 quam
730 867 828 940 mitia
845 868 937 966 regis
952 867 1063 942 verba
1077 869 1219 943 noviter
1235 870 1431 947 adventan-

370 988 413 1060 tis
436 987 657 1062 habuissent.
678 990 768 1058 Nam
784 1009 891 1074 cum,
909 984 955 1058 de
972 1009 1069 1058 anno
1092 986 1305 1079 inausum,
1328 1012 1432 1064 novae

369 1129 427 1178 res
454 1099 756 1202 novaquebetla,
783 1100 938 1199 ipsomet
969 1116 1184 1201 procurante
1207 1125 1250 1175 ac
1282 1129 1430 1204 operam

369 1221 491 1316 dante,
510 1220 578 1296 sibi
594 1220 858 1316 immergerent,
876 1243 923 1292 eo
941 1243 1054 1316 usque
1071 1218 1305 1294 collationum
1321 1235 1432 1321 atque

369 1336 594 1435 vectigalium
626 1323 733 1406 onera
761 1334 906 1408 adauxit
929 1347 991 1426 ut,
1020 1333 1110 1407 infra
1123 1342 1268 1434 'paucos
1294 1359 1427 1422 annos,

369 1476 477 1552 supra
501 1453 640 1526 tertiam
659 1464 799 1550 partem
823 1448 900 1550 ejus
919 1449 1126 1548 quantitatis
1141 1475 1251 1548 quarn
1268 1475 1352 1524 suus
1370 1473 1429 1548 ge·

369 1570 466 1646 nitor
480 1593 642 1670 unquam
656 1579 857 1665 acceperat,
875 1580 952 1643 toto
962 1591 1074 1664 regno
1087 1582 1315 1642 excresceret.

718 1933 976 2004 cterrutun
1000 1931 1077 2003 xn.

369 2135 409 2186 De
426 2133 505 2188 variis
522 2133 695 2206 legationibus
714 2151 747 2188 ex
762 2134 940 2204 potentatibus
960 2133 1043 2188 Italire
1058 2135 1142 2190 mbos
1160 2131 1196 2190 ad
1211 2134 1430 2192 consalutandum

422 2233 524 2270 novum
537 2232 637 2286 regem,
649 2213 720 2268 etde
731 2212 830 2268 laedere
844 2213 911 2268 inito
923 2232 972 2286 per
983 2233 1045 2268 eum
1057 2233 1119 2268 cum
1134 2214 1203 2269 duce
1218 2212 1374 2271 Mediolani.

416 2391 590 2465 Miserunt
605 2407 726 2466 autem
752 2391 799 2466 ad
821 2417 904 2466 eum
929 2391 1186 2468 honorandum
1204 2389 1431 2468 consalutan-

368 2508 529 2609 dumque
546 2513 569 2604 ¹,
596 2510 716 2583 statim
751 2524 791 2582 ut
818 2510 855 2581 in
882 2534 1021 2582 novum
1048 2535 1169 2608 regem
1199 2509 1428 2584 sublimatum

367 2649 452 2698 cum
475 2625 741 2720 intellexerunt,
765 2625 959 2724 legationes
981 2625 1161 2700 solemnes
1193 2627 1268 2700 dux
1296 2626 1430 2710 Medio·

367 2739 479 2832 lani',
499 2745 792 2840 Venetorumque
822 2741 1112 2816 l'lorentinorum
1143 2758 1250 2843 atque
1278 2747 1431 2814 lanuen-

367 2856 460 2930 sium
477 2859 771 2947 communitates,
790 2880 943 2953 quarum
957 2857 1083 2956 aliquae
1095 2859 1202 2932 etlam
1218 2884 1281 2932 sua
1299 2856 1431 2931 loedcra

367 2973 518 3047 libenter
536 2975 793 3062 invenissent⁵3
809 2972 873 3045 sed
893 2999 996 3066 cum,
1016 2974 1117 3048 brevi
1133 2975 1274 3049 morula
1289 2989 1431 3075 tempo-
1532 3033 1537 3044 .

408 3185 435 3243 1.
456 3181 512 3260 115
529 3191 579 3241 eut
593 3180 767 3260 cependant
777 3179 904 3258 quelque
917 3179 1005 3239 chose
1024 3183 1041 3240 d
1056 3184 1154 3254 hon,
1169 3179 1243 3242 ainsi
1256 3181 1346 3260 qu'on
1361 3193 1432 3260 peut

365 3269 494 3330 l'inlc'rer
506 3269 578 3330 d’un
593 3269 755 3329 inventaire
769 3268 805 3328 de
818 3268 933 3349 papiens
950 3267 1096 3329 d’allaires
1109 3269 1207 3329 dressd
1221 3289 1258 3329 en
1274 3273 1346 3329 1161
1362 3273 1432 3344 (lle-

365 3363 441 3424 cueil
464 3362 501 3424 da
522 3361 657 3442 Legrand
679 3364 696 3422 b
719 3361 748 3420 la
766 3360 841 3422 Bibl.
863 3360 960 3440 imp.).
982 3362 1027 3420 On
1050 3361 1117 3439 ylir
1136 3381 1183 3422 ces
1202 3361 1281 3422 deux
1293 3359 1428 3422 articles:

369 3479 383 3506 κ
398 3455 638 3514 demonstrasses
652 3451 735 3512 saites
748 3454 766 3510 a
778 3471 851 3514 ceux
866 3451 902 3510 de
918 3455 1014 3526 laon,
1029 3451 1167 3510 touchant
1180 3471 1237 3512 unc
1250 3451 1430 3514 commocion

366 3539 480 3600 arrives
492 3539 561 3600 chen
573 3561 645 3613 eux,
656 3541 778 3622 escripte
792 3540 829 3600 de
843 3540 871 3600 la
880 3540 958 3599 main
967 3539 1007 3599 du
1015 3539 1189 3600 chancellier
1198 3539 1235 3599 de
1244 3540 1428 3600 Morvilliers.

366 3633 453 3704 Item,
470 3631 610 3690 memoire
631 3630 727 3690 donne
747 3650 801 3710 par
815 3631 842 3691 le
856 3629 945 3710 bailly
959 3631 996 3691 de
1008 3630 1198 3692 vermandois
1209 3633 1227 3689 a
1239 3635 1310 3690 llll.
1326 3631 1353 3690 le
1370 3650 1431 3690 ma·

366 3718 477 3778 rescbal
492 3731 521 3778 et
538 3721 810 3792 tresorierllurean,
821 3741 872 3780 sur
884 3739 1012 3782 aucunes
1025 3719 1182 3782 rebellione
1196 3721 1278 3780 saites
1292 3721 1432 3782 touchant

365 3801 408 3870 les
421 3809 512 3889 aydes
525 3829 562 3868 en
572 3810 706 3872 Laonois.
721 3835 734 3862 u

406 3900 436 3958 2.
458 3904 500 3960 Le
526 3919 581 3962 tna.
605 3900 702 3960 donne
729 3901 816 3981 apris
841 3903 1129 3978 ransdutanquue
1158 3899 1201 3960 les
1230 3911 1304 3960 mots
1333 3920 1430 3958 norum

365 4009 477 4067 regem,
500 3990 550 4068 qui
577 4010 608 4051 sc
631 4005 768 4052 trouvent
791 4011 898 4054 encore
922 4004 952 4052 et
974 3989 1042 4071 plus
1064 3989 1285 4052 naturellement
1308 3989 1381 4052 dans
1402 3991 1431 4050 le

365 4076 497 4141 membre
508 4079 545 4139 de
559 4079 663 4158 phrase
676 4079 726 4158 qui
740 4078 808 4139 suit.

408 4171 436 4230 3.
460 4169 547 4230 Alors
560 4169 698 4248 Franqois
710 4171 822 4244 Slcrce,
837 4169 879 4230 dit
889 4169 917 4232 le
930 4169 1040 4232 Graud.

408 4259 438 4321 l.
461 4257 640 4336 clustelain,
658 4257 730 4320 dont
746 4259 774 4323 le
792 4259 973 4340 temoiqnsge
987 4273 1031 4320 est
1049 4257 1118 4322 bien
1133 4259 1199 4338 plus
1215 4257 1429 4331 cunddcrable,
