<?xml version="1.0" encoding="UTF-8"?>
<!DOCTYPE html PUBLIC "-//W3C//DTD XHTML 1.0 Transitional//EN"
    "http://www.w3.org/TR/xhtml1/DTD/xhtml1-transitional.dtd">
<html xmlns="http://www.w3.org/1999/xhtml" xml:lang="en" lang="en">
 <head>
  <title>
</title>
<meta http-equiv="Content-Type" content="text/html;charset=utf-8" />
  <meta name='ocr-system' content='tesseract 3.04.00' />
  <meta name='ocr-capabilities' content='ocr_page ocr_carea ocr_par ocr_line ocrx_word'/>
</head>
<body>
  <div class='ocr_page' id='page_1' title='image "./histoiredesrgne02amelgoog_0126.png"; bbox 0 0 3402 5186; ppageno 0'>
   <div class='ocr_carea' id='block_1_1' title="bbox 672 539 1340 604">
    <p class='ocr_par' dir='ltr' id='par_1_1' title="bbox 672 539 1340 604">
     <span class='ocr_line' id='line_1_1' title="bbox 672 539 1340 604; baseline -0.004 0"><span class='ocrx_word' id='word_1_1' title='bbox 672 545 784 604; x_wconf 77' lang='lat' dir='ltr'><strong>mun</strong></span> <span class='ocrx_word' id='word_1_2' title='bbox 802 539 951 604; x_wconf 68' lang='lat' dir='ltr'><strong>munst</strong></span> <span class='ocrx_word' id='word_1_3' title='bbox 1301 545 1340 602; x_wconf 70' lang='lat'><strong>20</strong></span> 
     </span>
    </p>
   </div>
   <div class='ocr_carea' id='block_1_2' title="bbox 194 671 1398 4017">
    <p class='ocr_par' dir='ltr' id='par_1_2' title="bbox 194 671 1398 4017">
     <span class='ocr_line' id='line_1_2' title="bbox 282 671 1340 780; baseline 0.004 -35"><span class='ocrx_word' id='word_1_4' title='bbox 282 671 434 780; x_wconf 69' lang='lat' dir='ltr'><strong>diorum</strong></span> <span class='ocrx_word' id='word_1_5' title='bbox 451 673 536 766; x_wconf 86' lang='lat' dir='ltr'><strong>dux,</strong></span> <span class='ocrx_word' id='word_1_6' title='bbox 553 673 697 774; x_wconf 88' lang='lat' dir='ltr'><strong>qualem</strong></span> <span class='ocrx_word' id='word_1_7' title='bbox 717 676 754 748; x_wconf 91' lang='lat' dir='ltr'><strong>iu</strong></span> <span class='ocrx_word' id='word_1_8' title='bbox 772 677 955 752; x_wconf 80' lang='lat' dir='ltr'><strong>reserenda</strong></span> <span class='ocrx_word' id='word_1_9' title='bbox 971 677 1081 774; x_wconf 83' lang='lat' dir='ltr'><strong>gratia</strong></span> <span class='ocrx_word' id='word_1_10' title='bbox 1098 700 1182 749; x_wconf 90' lang='lat' dir='ltr'><strong>eum</strong></span> <span class='ocrx_word' id='word_1_11' title='bbox 1195 675 1340 749; x_wconf 87' lang='lat' dir='ltr'><strong>babitu-</strong></span> 
     </span>
     <span class='ocr_line' id='line_1_3' title="bbox 282 791 1341 892; baseline 0.004 -32"><span class='ocrx_word' id='word_1_12' title='bbox 282 812 342 862; x_wconf 90' lang='lat' dir='ltr'><strong>rus</strong></span> <span class='ocrx_word' id='word_1_13' title='bbox 357 804 460 885; x_wconf 90' lang='lat' dir='ltr'><strong>esset,</strong></span> <span class='ocrx_word' id='word_1_14' title='bbox 476 791 560 864; x_wconf 88' lang='lat' dir='ltr'><strong>satis</strong></span> <span class='ocrx_word' id='word_1_15' title='bbox 576 791 712 889; x_wconf 83' lang='lat' dir='ltr'>liquide</span> <span class='ocrx_word' id='word_1_16' title='bbox 727 791 976 892; x_wconf 83' lang='lat' dir='ltr'><strong>deprehendit.</strong></span> <span class='ocrx_word' id='word_1_17' title='bbox 1004 793 1220 864; x_wconf 89' lang='lat' dir='ltr'><strong>Promiserat</strong></span> <span class='ocrx_word' id='word_1_18' title='bbox 1243 791 1341 864; x_wconf 88' lang='lat' dir='ltr'><strong>enim</strong></span> 
     </span>
     <span class='ocr_line' id='line_1_4' title="bbox 282 905 1342 1006; baseline 0.004 -32"><span class='ocrx_word' id='word_1_19' title='bbox 282 919 411 1002; x_wconf 84' lang='lat' dir='ltr'><strong>sponte</strong></span> <span class='ocrx_word' id='word_1_20' title='bbox 426 929 504 998; x_wconf 91' lang='lat' dir='ltr'><strong>sua,</strong></span> <span class='ocrx_word' id='word_1_21' title='bbox 523 931 631 1006; x_wconf 88' lang='lat' dir='ltr'><strong>super</strong></span> <span class='ocrx_word' id='word_1_22' title='bbox 648 905 719 978; x_wconf 90' lang='lat' dir='ltr'><strong>boc</strong></span> <span class='ocrx_word' id='word_1_23' title='bbox 734 909 912 980; x_wconf 80' lang='lat' dir='ltr'><strong>anemius</strong></span> <span class='ocrx_word' id='word_1_24' title='bbox 925 931 1071 1006; x_wconf 88' lang='lat' dir='ltr'><strong>prorsus</strong></span> <span class='ocrx_word' id='word_1_25' title='bbox 1083 906 1275 1004; x_wconf 85' lang='lat' dir='ltr'><strong>requisitus</strong></span> <span class='ocrx_word' id='word_1_26' title='bbox 1284 907 1342 978; x_wconf 83' lang='lat' dir='ltr'><strong>vel</strong></span> 
     </span>
     <span class='ocr_line' id='line_1_5' title="bbox 282 1019 1342 1122; baseline 0.003 -33"><span class='ocrx_word' id='word_1_27' title='bbox 282 1035 439 1116; x_wconf 86' lang='lat' dir='ltr'><strong>rogatus,</strong></span> <span class='ocrx_word' id='word_1_28' title='bbox 457 1021 645 1095; x_wconf 88' lang='lat' dir='ltr'><strong>humiliare</strong></span> <span class='ocrx_word' id='word_1_29' title='bbox 661 1022 874 1096; x_wconf 78' lang='lat' dir='ltr'><strong>leodienses</strong></span> <span class='ocrx_word' id='word_1_30' title='bbox 889 1020 1056 1122; x_wconf 89' lang='lat' dir='ltr'><strong>populos,</strong></span> <span class='ocrx_word' id='word_1_31' title='bbox 1076 1022 1139 1118; x_wconf 90' lang='lat' dir='ltr'><strong>qui</strong></span> <span class='ocrx_word' id='word_1_32' title='bbox 1151 1019 1236 1092; x_wconf 90' lang='lat' dir='ltr'><strong>olim</strong></span> <span class='ocrx_word' id='word_1_33' title='bbox 1250 1021 1342 1093; x_wconf 85' lang='lat' dir='ltr'><strong>Ebu·</strong></span> 
     </span>
     <span class='ocr_line' id='line_1_6' title="bbox 194 1135 1341 1236; baseline 0.003 -31"><span class='ocrx_word' id='word_1_34' title='bbox 194 1187 197 1194; x_wconf 49' lang='grc'>,</span> <span class='ocrx_word' id='word_1_35' title='bbox 282 1158 388 1209; x_wconf 88' lang='lat' dir='ltr'><strong>rones</strong></span> <span class='ocrx_word' id='word_1_36' title='bbox 419 1135 647 1227; x_wconf 82' lang='lat' dir='ltr'><strong>dicebantur,</strong></span> <span class='ocrx_word' id='word_1_37' title='bbox 672 1137 859 1236; x_wconf 87' lang='lat' dir='ltr'><strong>facereque</strong></span> <span class='ocrx_word' id='word_1_38' title='bbox 884 1163 947 1209; x_wconf 90' lang='lat' dir='ltr'><strong>eos</strong></span> <span class='ocrx_word' id='word_1_39' title='bbox 972 1137 1149 1209; x_wconf 88' lang='lat' dir='ltr'><strong>voluntati</strong></span> <span class='ocrx_word' id='word_1_40' title='bbox 1182 1137 1341 1233; x_wconf 89' lang='lat' dir='ltr'><strong>ejusdem</strong></span> 
     </span>
     <span class='ocr_line' id='line_1_7' title="bbox 281 1249 1340 1352; baseline 0.004 -30"><span class='ocrx_word' id='word_1_41' title='bbox 281 1249 394 1344; x_wconf 90' lang='lat' dir='ltr'><strong>ducis,</strong></span> <span class='ocrx_word' id='word_1_42' title='bbox 414 1254 474 1326; x_wconf 90' lang='lat' dir='ltr'><strong>cui</strong></span> <span class='ocrx_word' id='word_1_43' title='bbox 489 1277 551 1326; x_wconf 91' lang='lat' dir='ltr'><strong>eos</strong></span> <span class='ocrx_word' id='word_1_44' title='bbox 566 1254 737 1327; x_wconf 86' lang='lat' dir='ltr'><strong>noscebat</strong></span> <span class='ocrx_word' id='word_1_45' title='bbox 751 1253 872 1326; x_wconf 89' lang='lat' dir='ltr'><strong>bostes</strong></span> <span class='ocrx_word' id='word_1_46' title='bbox 894 1254 1156 1337; x_wconf 84' lang='lat' dir='ltr'><strong>infestissimos,</strong></span> <span class='ocrx_word' id='word_1_47' title='bbox 1178 1278 1254 1326; x_wconf 88' lang='lat' dir='ltr'><strong>csse</strong></span> <span class='ocrx_word' id='word_1_48' title='bbox 1276 1278 1340 1352; x_wconf 89' lang='lat' dir='ltr'><strong>pa·</strong></span> 
     </span>
     <span class='ocr_line' id='line_1_8' title="bbox 282 1367 1342 1470; baseline 0.001 -31"><span class='ocrx_word' id='word_1_49' title='bbox 282 1384 399 1442; x_wconf 90' lang='lat' dir='ltr'><strong>rentes</strong></span> <span class='ocrx_word' id='word_1_50' title='bbox 425 1383 531 1468; x_wconf 89' lang='lat' dir='ltr'><strong>utque</strong></span> <span class='ocrx_word' id='word_1_51' title='bbox 553 1367 773 1443; x_wconf 87' lang='lat' dir='ltr'><strong>obedientes.</strong></span> <span class='ocrx_word' id='word_1_52' title='bbox 804 1371 915 1468; x_wconf 89' lang='lat' dir='ltr'><strong>Hujus</strong></span> <span class='ocrx_word' id='word_1_53' title='bbox 930 1372 1096 1470; x_wconf 88' lang='lat' dir='ltr'><strong>promissi</strong></span> <span class='ocrx_word' id='word_1_54' title='bbox 1113 1370 1210 1442; x_wconf 82' lang='lat' dir='ltr'><strong>velut</strong></span> <span class='ocrx_word' id='word_1_55' title='bbox 1224 1369 1342 1443; x_wconf 82' lang='lat' dir='ltr'><strong>exsol-</strong></span> 
     </span>
     <span class='ocr_line' id='line_1_9' title="bbox 281 1473 1398 1585; baseline 0.002 -30"><span class='ocrx_word' id='word_1_56' title='bbox 281 1473 389 1557; x_wconf 83' lang='lat' dir='ltr'><strong>vendi</strong></span> <span class='ocrx_word' id='word_1_57' title='bbox 409 1487 535 1584; x_wconf 87' lang='lat' dir='ltr'><strong>gratia,</strong></span> <span class='ocrx_word' id='word_1_58' title='bbox 554 1487 672 1559; x_wconf 85' lang='lat' dir='ltr'><strong>statim</strong></span> <span class='ocrx_word' id='word_1_59' title='bbox 690 1501 729 1558; x_wconf 95' lang='lat' dir='ltr'><strong>ut</strong></span> <span class='ocrx_word' id='word_1_60' title='bbox 744 1486 790 1559; x_wconf 86' lang='lat' dir='ltr'><strong>de</strong></span> <span class='ocrx_word' id='word_1_61' title='bbox 815 1485 915 1557; x_wconf 93' lang='lat' dir='ltr'><strong>obitu</strong></span> <span class='ocrx_word' id='word_1_62' title='bbox 942 1486 1051 1585; x_wconf 87' lang='lat' dir='ltr'><strong>patris</strong></span> <span class='ocrx_word' id='word_1_63' title='bbox 1072 1487 1203 1558; x_wconf 87' lang='lat' dir='ltr'><strong>certior</strong></span> <span class='ocrx_word' id='word_1_64' title='bbox 1229 1485 1342 1558; x_wconf 88' lang='lat' dir='ltr'><strong>factus</strong></span> <span class='ocrx_word' id='word_1_65' title='bbox 1396 1577 1398 1582; x_wconf 67' lang='lat'><strong>,</strong></span> 
     </span>
     <span class='ocr_line' id='line_1_10' title="bbox 281 1601 1341 1702; baseline 0.001 -29"><span class='ocrx_word' id='word_1_66' title='bbox 281 1601 360 1696; x_wconf 88' lang='lat' dir='ltr'><strong>tuit,</strong></span> <span class='ocrx_word' id='word_1_67' title='bbox 371 1602 559 1678; x_wconf 87' lang='lat' dir='ltr'><strong>destinavit</strong></span> <span class='ocrx_word' id='word_1_68' title='bbox 573 1605 785 1701; x_wconf 85' lang='lat' dir='ltr'><strong>quingentas</strong></span> <span class='ocrx_word' id='word_1_69' title='bbox 793 1602 934 1675; x_wconf 88' lang='lat' dir='ltr'><strong>lanceas</strong></span> <span class='ocrx_word' id='word_1_70' title='bbox 943 1602 1215 1702; x_wconf 86' lang='lat' dir='ltr'><strong>parvaemilitiae¹</strong></span> <span class='ocrx_word' id='word_1_71' title='bbox 1227 1627 1341 1702; x_wconf 87' lang='lat' dir='ltr'><strong>prope</strong></span> 
     </span>
     <span class='ocr_line' id='line_1_11' title="bbox 281 1707 1341 1816; baseline 0.002 -30"><span class='ocrx_word' id='word_1_72' title='bbox 281 1713 369 1789; x_wconf 85' lang='lat' dir='ltr'><strong>fines</strong></span> <span class='ocrx_word' id='word_1_73' title='bbox 384 1719 546 1816; x_wconf 91' lang='lat' dir='ltr'><strong>ipsorum</strong></span> <span class='ocrx_word' id='word_1_74' title='bbox 563 1717 828 1807; x_wconf 86' lang='lat' dir='ltr'><strong>leodiensium,</strong></span> <span class='ocrx_word' id='word_1_75' title='bbox 846 1707 926 1813; x_wconf 75' lang='lat' dir='ltr'><strong>qiiae</strong></span> <span class='ocrx_word' id='word_1_76' title='bbox 939 1719 975 1788; x_wconf 91' lang='lat' dir='ltr'><strong>iu</strong></span> <span class='ocrx_word' id='word_1_77' title='bbox 990 1717 1127 1816; x_wconf 91' lang='lat' dir='ltr'><strong>oppido</strong></span> <span class='ocrx_word' id='word_1_78' title='bbox 1143 1719 1341 1788; x_wconf 82' lang='lat' dir='ltr'><strong>Muzieres&#39;</strong></span> 
     </span>
     <span class='ocr_line' id='line_1_12' title="bbox 279 1830 1337 1932; baseline 0.002 -30"><span class='ocrx_word' id='word_1_79' title='bbox 279 1830 427 1929; x_wconf 89' lang='lat' dir='ltr'><strong>aliisque</strong></span> <span class='ocrx_word' id='word_1_80' title='bbox 451 1833 602 1906; x_wconf 82' lang='lat' dir='ltr'><strong>castellis</strong></span> <span class='ocrx_word' id='word_1_81' title='bbox 625 1833 752 1904; x_wconf 89' lang='lat' dir='ltr'><strong>vicinis</strong></span> <span class='ocrx_word' id='word_1_82' title='bbox 778 1832 823 1904; x_wconf 93' lang='lat' dir='ltr'><strong>ad</strong></span> <span class='ocrx_word' id='word_1_83' title='bbox 845 1833 942 1932; x_wconf 89' lang='lat' dir='ltr'><strong>ripas</strong></span> <span class='ocrx_word' id='word_1_84' title='bbox 962 1837 1068 1905; x_wconf 84' lang='lat' dir='ltr'><strong>ttosae</strong></span> <span class='ocrx_word' id='word_1_85' title='bbox 1094 1832 1219 1904; x_wconf 83' lang='lat' dir='ltr'><strong>locatae</strong></span> <span class='ocrx_word' id='word_1_86' title='bbox 1240 1846 1337 1904; x_wconf 90' lang='lat' dir='ltr'><strong>sunt.</strong></span> 
     </span>
     <span class='ocr_line' id='line_1_13' title="bbox 280 1947 1340 2049; baseline 0.003 -31"><span class='ocrx_word' id='word_1_87' title='bbox 280 1947 388 2035; x_wconf 90' lang='lat' dir='ltr'><strong>Quod</strong></span> <span class='ocrx_word' id='word_1_88' title='bbox 413 1972 497 2021; x_wconf 92' lang='lat' dir='ltr'><strong>cum</strong></span> <span class='ocrx_word' id='word_1_89' title='bbox 522 1950 588 2049; x_wconf 91' lang='lat' dir='ltr'><strong>ipsi</strong></span> <span class='ocrx_word' id='word_1_90' title='bbox 618 1948 832 2023; x_wconf 74' lang='lat' dir='ltr'><strong>leodienses</strong></span> <span class='ocrx_word' id='word_1_91' title='bbox 856 1950 1040 2040; x_wconf 89' lang='lat' dir='ltr'><strong>viderent,</strong></span> <span class='ocrx_word' id='word_1_92' title='bbox 1069 1963 1268 2030; x_wconf 85' lang='lat' dir='ltr'><strong>metuentes</strong></span> <span class='ocrx_word' id='word_1_93' title='bbox 1293 1974 1340 2021; x_wconf 91' lang='lat' dir='ltr'><strong>ne</strong></span> 
     </span>
     <span class='ocr_line' id='line_1_14' title="bbox 278 2064 1337 2164; baseline 0 -28"><span class='ocrx_word' id='word_1_94' title='bbox 278 2065 401 2162; x_wconf 86' lang='lat' dir='ltr'><strong>patriae</strong></span> <span class='ocrx_word' id='word_1_95' title='bbox 426 2078 461 2136; x_wconf 93' lang='lat' dir='ltr'><strong>et</strong></span> <span class='ocrx_word' id='word_1_96' title='bbox 477 2065 614 2164; x_wconf 90' lang='lat' dir='ltr'><strong>populo</strong></span> <span class='ocrx_word' id='word_1_97' title='bbox 638 2067 711 2138; x_wconf 90' lang='lat' dir='ltr'><strong>suis</strong></span> <span class='ocrx_word' id='word_1_98' title='bbox 737 2065 869 2138; x_wconf 89' lang='lat' dir='ltr'><strong>damna</strong></span> <span class='ocrx_word' id='word_1_99' title='bbox 893 2079 930 2138; x_wconf 93' lang='lat' dir='ltr'><strong>et</strong></span> <span class='ocrx_word' id='word_1_100' title='bbox 942 2064 1088 2162; x_wconf 86' lang='lat' dir='ltr'><strong>jacturae</strong></span> <span class='ocrx_word' id='word_1_101' title='bbox 1104 2065 1337 2152; x_wconf 79' lang='lat' dir='ltr'><strong>inferrentur,</strong></span> 
     </span>
     <span class='ocr_line' id='line_1_15' title="bbox 278 2181 1339 2281; baseline 0.003 -29"><span class='ocrx_word' id='word_1_102' title='bbox 278 2183 397 2254; x_wconf 90' lang='lat' dir='ltr'><strong>statim</strong></span> <span class='ocrx_word' id='word_1_103' title='bbox 418 2181 553 2280; x_wconf 86' lang='lat' dir='ltr'><strong>legatos</strong></span> <span class='ocrx_word' id='word_1_104' title='bbox 577 2181 624 2256; x_wconf 89' lang='lat' dir='ltr'><strong>ad</strong></span> <span class='ocrx_word' id='word_1_105' title='bbox 641 2208 762 2281; x_wconf 84' lang='lat' dir='ltr'><strong>regem</strong></span> <span class='ocrx_word' id='word_1_106' title='bbox 784 2184 978 2273; x_wconf 88' lang='lat' dir='ltr'><strong>miserunt,</strong></span> <span class='ocrx_word' id='word_1_107' title='bbox 998 2183 1035 2254; x_wconf 94' lang='lat' dir='ltr'><strong>in</strong></span> <span class='ocrx_word' id='word_1_108' title='bbox 1052 2183 1147 2278; x_wconf 84' lang='lat' dir='ltr'><strong>regia</strong></span> <span class='ocrx_word' id='word_1_109' title='bbox 1164 2207 1228 2255; x_wconf 91' lang='lat' dir='ltr'><strong>sua</strong></span> <span class='ocrx_word' id='word_1_110' title='bbox 1249 2183 1339 2256; x_wconf 85' lang='lat' dir='ltr'><strong>urbe</strong></span> 
     </span>
     <span class='ocr_line' id='line_1_16' title="bbox 279 2298 1339 2388; baseline 0 -18"><span class='ocrx_word' id='word_1_111' title='bbox 279 2300 466 2372; x_wconf 84' lang='lat' dir='ltr'><strong>Parisiensi</strong></span> <span class='ocrx_word' id='word_1_112' title='bbox 492 2298 612 2373; x_wconf 89' lang='lat' dir='ltr'><strong>adbuc</strong></span> <span class='ocrx_word' id='word_1_113' title='bbox 638 2300 907 2373; x_wconf 86' lang='lat' dir='ltr'><strong>consistentem.</strong></span> <span class='ocrx_word' id='word_1_114' title='bbox 930 2302 1030 2388; x_wconf 90' lang='lat' dir='ltr'><strong>Quos</strong></span> <span class='ocrx_word' id='word_1_115' title='bbox 1050 2313 1089 2372; x_wconf 92' lang='lat' dir='ltr'><strong>ut</strong></span> <span class='ocrx_word' id='word_1_116' title='bbox 1114 2323 1175 2370; x_wconf 87' lang='lat' dir='ltr'><strong>rex</strong></span> <span class='ocrx_word' id='word_1_117' title='bbox 1203 2299 1339 2372; x_wconf 87' lang='lat' dir='ltr'><strong>audivit</strong></span> 
     </span>
     <span class='ocr_line' id='line_1_17' title="bbox 277 2416 1339 2514; baseline -0.001 -26"><span class='ocrx_word' id='word_1_118' title='bbox 277 2416 469 2490; x_wconf 88' lang='lat' dir='ltr'><strong>amicitiam</strong></span> <span class='ocrx_word' id='word_1_119' title='bbox 487 2417 564 2514; x_wconf 90' lang='lat' dir='ltr'><strong>ejus</strong></span> <span class='ocrx_word' id='word_1_120' title='bbox 579 2416 782 2514; x_wconf 84' lang='lat' dir='ltr'><strong>soederaque</strong></span> <span class='ocrx_word' id='word_1_121' title='bbox 798 2416 1060 2514; x_wconf 86' lang='lat' dir='ltr'><strong>expostulantes</strong></span> <span class='ocrx_word' id='word_1_122' title='bbox 1076 2439 1156 2514; x_wconf 87' lang='lat' dir='ltr'><strong>quae</strong></span> <span class='ocrx_word' id='word_1_123' title='bbox 1167 2439 1252 2486; x_wconf 92' lang='lat' dir='ltr'><strong>cum</strong></span> <span class='ocrx_word' id='word_1_124' title='bbox 1264 2419 1339 2512; x_wconf 87' lang='lat' dir='ltr'><strong>ejus</strong></span> 
     </span>
     <span class='ocr_line' id='line_1_18' title="bbox 276 2531 1338 2634; baseline -0.002 -28"><span class='ocrx_word' id='word_1_125' title='bbox 276 2547 377 2630; x_wconf 84' lang='lat' dir='ltr'><strong>patre</strong></span> <span class='ocrx_word' id='word_1_126' title='bbox 392 2534 659 2634; x_wconf 88' lang='lat' dir='ltr'><strong>percussissent,</strong></span> <span class='ocrx_word' id='word_1_127' title='bbox 678 2545 815 2605; x_wconf 92' lang='lat' dir='ltr'><strong>mutato</strong></span> <span class='ocrx_word' id='word_1_128' title='bbox 831 2531 949 2604; x_wconf 92' lang='lat' dir='ltr'><strong>statim</strong></span> <span class='ocrx_word' id='word_1_129' title='bbox 968 2531 1178 2630; x_wconf 88' lang='lat' dir='ltr'><strong>proposito,</strong></span> <span class='ocrx_word' id='word_1_130' title='bbox 1205 2531 1338 2605; x_wconf 81' lang='lat' dir='ltr'><strong>soedera</strong></span> 
     </span>
     <span class='ocr_line' id='line_1_19' title="bbox 276 2638 1341 2738; baseline 0 -22"><span class='ocrx_word' id='word_1_131' title='bbox 276 2647 423 2718; x_wconf 90' lang='lat' dir='ltr'><strong>cumeis</strong></span> <span class='ocrx_word' id='word_1_132' title='bbox 438 2660 474 2720; x_wconf 89' lang='lat' dir='ltr'><strong>et</strong></span> <span class='ocrx_word' id='word_1_133' title='bbox 489 2645 661 2717; x_wconf 85' lang='lat' dir='ltr'><strong>amicitias</strong></span> <span class='ocrx_word' id='word_1_134' title='bbox 679 2638 768 2731; x_wconf 80' lang='lat' dir='ltr'><strong>iniit,</strong></span> <span class='ocrx_word' id='word_1_135' title='bbox 790 2642 1087 2738; x_wconf 87' lang='lat' dir='ltr'><strong>Burgundionum</strong></span> <span class='ocrx_word' id='word_1_136' title='bbox 1105 2642 1211 2731; x_wconf 91' lang='lat' dir='ltr'><strong>duce,</strong></span> <span class='ocrx_word' id='word_1_137' title='bbox 1228 2642 1265 2712; x_wconf 93' lang='lat' dir='ltr'><strong>in</strong></span> <span class='ocrx_word' id='word_1_138' title='bbox 1280 2667 1341 2716; x_wconf 90' lang='lat' dir='ltr'><strong>cu·</strong></span> 
     </span>
     <span class='ocr_line' id='line_1_20' title="bbox 273 2758 1338 2860; baseline 0 -28"><span class='ocrx_word' id='word_1_139' title='bbox 273 2759 331 2856; x_wconf 85' lang='lat' dir='ltr'><strong>jus</strong></span> <span class='ocrx_word' id='word_1_140' title='bbox 347 2761 423 2834; x_wconf 84' lang='lat' dir='ltr'><strong>baec</strong></span> <span class='ocrx_word' id='word_1_141' title='bbox 438 2760 683 2860; x_wconf 74' lang='lat' dir='ltr'><strong>praejudicium</strong></span> <span class='ocrx_word' id='word_1_142' title='bbox 700 2759 943 2852; x_wconf 84' lang='lat' dir='ltr'><strong>initiabantur,</strong></span> <span class='ocrx_word' id='word_1_143' title='bbox 965 2758 1114 2831; x_wconf 89' lang='lat' dir='ltr'><strong>minime</strong></span> <span class='ocrx_word' id='word_1_144' title='bbox 1129 2772 1257 2830; x_wconf 86' lang='lat' dir='ltr'><strong>vocato</strong></span> <span class='ocrx_word' id='word_1_145' title='bbox 1273 2783 1338 2832; x_wconf 86' lang='lat' dir='ltr'><strong>seu</strong></span> 
     </span>
     <span class='ocr_line' id='line_1_21' title="bbox 276 2873 1339 2973; baseline -0.001 -25"><span class='ocrx_word' id='word_1_146' title='bbox 276 2892 464 2972; x_wconf 82' lang='lat' dir='ltr'><strong>praesente,</strong></span> <span class='ocrx_word' id='word_1_147' title='bbox 481 2877 564 2950; x_wconf 90' lang='lat' dir='ltr'><strong>licet</strong></span> <span class='ocrx_word' id='word_1_148' title='bbox 580 2877 616 2948; x_wconf 90' lang='lat' dir='ltr'><strong>in</strong></span> <span class='ocrx_word' id='word_1_149' title='bbox 633 2876 761 2949; x_wconf 88' lang='lat' dir='ltr'><strong>eadem</strong></span> <span class='ocrx_word' id='word_1_150' title='bbox 787 2874 894 2967; x_wconf 91' lang='lat' dir='ltr'><strong>urbe,</strong></span> <span class='ocrx_word' id='word_1_151' title='bbox 920 2873 966 2948; x_wconf 87' lang='lat' dir='ltr'><strong>ad</strong></span> <span class='ocrx_word' id='word_1_152' title='bbox 990 2893 1121 2973; x_wconf 85' lang='lat' dir='ltr'><strong>quam,</strong></span> <span class='ocrx_word' id='word_1_153' title='bbox 1142 2874 1339 2948; x_wconf 90' lang='lat' dir='ltr'><strong>comitandi</strong></span> 
     </span>
     <span class='ocr_line' id='line_1_22' title="bbox 276 2989 1338 3088; baseline 0.001 -27"><span class='ocrx_word' id='word_1_154' title='bbox 276 2989 551 3088; x_wconf 89' lang='lat' dir='ltr'><strong>honorandique</strong></span> <span class='ocrx_word' id='word_1_155' title='bbox 567 3005 603 3064; x_wconf 91' lang='lat' dir='ltr'><strong>et</strong></span> <span class='ocrx_word' id='word_1_156' title='bbox 614 2989 887 3088; x_wconf 88' lang='lat' dir='ltr'><strong>quodammodo</strong></span> <span class='ocrx_word' id='word_1_157' title='bbox 905 2989 1056 3062; x_wconf 86' lang='lat' dir='ltr'><strong>velutin</strong></span> <span class='ocrx_word' id='word_1_158' title='bbox 1076 2990 1338 3088; x_wconf 86' lang='lat' dir='ltr'><strong>possessionem</strong></span> 
     </span>
     <span class='ocr_line' id='line_1_23' title="bbox 276 3105 1338 3205; baseline 0.004 -29"><span class='ocrx_word' id='word_1_159' title='bbox 276 3105 440 3180; x_wconf 89' lang='lat' dir='ltr'><strong>mittendi</strong></span> <span class='ocrx_word' id='word_1_160' title='bbox 458 3107 544 3178; x_wconf 88' lang='lat' dir='ltr'><strong>novi</strong></span> <span class='ocrx_word' id='word_1_161' title='bbox 560 3107 664 3204; x_wconf 84' lang='lat' dir='ltr'><strong>regis,</strong></span> <span class='ocrx_word' id='word_1_162' title='bbox 681 3108 807 3205; x_wconf 84' lang='lat' dir='ltr'><strong>gratia,</strong></span> <span class='ocrx_word' id='word_1_163' title='bbox 826 3107 1047 3198; x_wconf 86' lang='lat' dir='ltr'><strong>adventarat,</strong></span> <span class='ocrx_word' id='word_1_164' title='bbox 1065 3106 1185 3179; x_wconf 90' lang='lat' dir='ltr'><strong>adhuc</strong></span> <span class='ocrx_word' id='word_1_165' title='bbox 1200 3107 1338 3180; x_wconf 85' lang='lat' dir='ltr'><strong>exsiste·</strong></span> 
     </span>
     <span class='ocr_line' id='line_1_24' title="bbox 275 3221 1337 3320; baseline 0.006 -28"><span class='ocrx_word' id='word_1_166' title='bbox 275 3235 341 3293; x_wconf 89' lang='lat' dir='ltr'><strong>ret.</strong></span> <span class='ocrx_word' id='word_1_167' title='bbox 364 3225 407 3294; x_wconf 87' lang='lat' dir='ltr'><strong>Et</strong></span> <span class='ocrx_word' id='word_1_168' title='bbox 425 3223 475 3294; x_wconf 87' lang='lat' dir='ltr'><strong>ita</strong></span> <span class='ocrx_word' id='word_1_169' title='bbox 492 3247 577 3294; x_wconf 89' lang='lat' dir='ltr'><strong>cum</strong></span> <span class='ocrx_word' id='word_1_170' title='bbox 597 3222 829 3295; x_wconf 84' lang='lat' dir='ltr'><strong>infestissimis</strong></span> <span class='ocrx_word' id='word_1_171' title='bbox 851 3221 1011 3320; x_wconf 89' lang='lat' dir='ltr'><strong>ejusdem</strong></span> <span class='ocrx_word' id='word_1_172' title='bbox 1032 3222 1134 3295; x_wconf 90' lang='lat' dir='ltr'><strong>ducis</strong></span> <span class='ocrx_word' id='word_1_173' title='bbox 1156 3221 1337 3315; x_wconf 89' lang='lat' dir='ltr'><strong>hostibus,</strong></span> 
     </span>
     <span class='ocr_line' id='line_1_25' title="bbox 276 3338 1337 3442; baseline 0.002 -34"><span class='ocrx_word' id='word_1_174' title='bbox 276 3361 367 3432; x_wconf 85' lang='lat' dir='ltr'><strong>quos</strong></span> <span class='ocrx_word' id='word_1_175' title='bbox 383 3338 493 3436; x_wconf 90' lang='lat' dir='ltr'><strong>paulo</strong></span> <span class='ocrx_word' id='word_1_176' title='bbox 506 3352 587 3410; x_wconf 91' lang='lat' dir='ltr'><strong>ante</strong></span> <span class='ocrx_word' id='word_1_177' title='bbox 604 3339 641 3408; x_wconf 91' lang='lat' dir='ltr'><strong>in</strong></span> <span class='ocrx_word' id='word_1_178' title='bbox 667 3339 907 3442; x_wconf 80' lang='lat' dir='ltr'><strong>ejusgratiam</strong></span> <span class='ocrx_word' id='word_1_179' title='bbox 928 3338 984 3411; x_wconf 91' lang='lat' dir='ltr'><strong>vel</strong></span> <span class='ocrx_word' id='word_1_180' title='bbox 1003 3339 1260 3431; x_wconf 81' lang='lat' dir='ltr'><strong>exterminare,</strong></span> <span class='ocrx_word' id='word_1_181' title='bbox 1282 3339 1337 3412; x_wconf 88' lang='lat' dir='ltr'><strong>vel</strong></span> 
     </span>
     <span class='ocr_line' id='line_1_26' title="bbox 275 3451 1339 3552; baseline 0.003 -29"><span class='ocrx_word' id='word_1_182' title='bbox 275 3451 320 3524; x_wconf 89' lang='lat' dir='ltr'><strong>ad</strong></span> <span class='ocrx_word' id='word_1_183' title='bbox 338 3453 448 3552; x_wconf 92' lang='lat' dir='ltr'><strong>ipsius</strong></span> <span class='ocrx_word' id='word_1_184' title='bbox 471 3451 599 3525; x_wconf 93' lang='lat' dir='ltr'><strong>nut&#39;um</strong></span> <span class='ocrx_word' id='word_1_185' title='bbox 612 3467 648 3526; x_wconf 91' lang='lat' dir='ltr'><strong>et</strong></span> <span class='ocrx_word' id='word_1_186' title='bbox 663 3453 887 3526; x_wconf 85' lang='lat' dir='ltr'><strong>voluntatem</strong></span> <span class='ocrx_word' id='word_1_187' title='bbox 909 3454 1098 3529; x_wconf 85' lang='lat' dir='ltr'><strong>humiliare</strong></span> <span class='ocrx_word' id='word_1_188' title='bbox 1113 3454 1339 3527; x_wconf 91' lang='lat' dir='ltr'><strong>obedientes·</strong></span> 
     </span>
     <span class='ocr_line' id='line_1_27' title="bbox 275 3569 1336 3669; baseline -0.002 -27"><span class='ocrx_word' id='word_1_189' title='bbox 275 3595 345 3668; x_wconf 91' lang='lat' dir='ltr'><strong>que</strong></span> <span class='ocrx_word' id='word_1_190' title='bbox 358 3569 509 3643; x_wconf 87' lang='lat' dir='ltr'><strong>reddere</strong></span> <span class='ocrx_word' id='word_1_191' title='bbox 524 3571 620 3642; x_wconf 88' lang='lat' dir='ltr'><strong>ultro</strong></span> <span class='ocrx_word' id='word_1_192' title='bbox 632 3572 856 3668; x_wconf 85' lang='lat' dir='ltr'><strong>promiserat,</strong></span> <span class='ocrx_word' id='word_1_193' title='bbox 871 3571 950 3669; x_wconf 88' lang='lat' dir='ltr'><strong>ipso</strong></span> <span class='ocrx_word' id='word_1_194' title='bbox 966 3569 1336 3668; x_wconf 87' lang='lat' dir='ltr'><strong>penitusinconsulto,</strong></span> 
     </span>
     <span class='ocr_line' id='line_1_28' title="bbox 274 3683 1339 3784; baseline 0 -26"><span class='ocrx_word' id='word_1_195' title='bbox 274 3685 436 3782; x_wconf 83' lang='lat' dir='ltr'><strong>ligantias</strong></span> <span class='ocrx_word' id='word_1_196' title='bbox 457 3700 563 3784; x_wconf 89' lang='lat' dir='ltr'><strong>atque</strong></span> <span class='ocrx_word' id='word_1_197' title='bbox 584 3685 755 3760; x_wconf 87' lang='lat' dir='ltr'><strong>amicitias</strong></span> <span class='ocrx_word' id='word_1_198' title='bbox 772 3683 967 3784; x_wconf 87' lang='lat' dir='ltr'><strong>copulavit.</strong></span> <span class='ocrx_word' id='word_1_199' title='bbox 992 3689 1090 3774; x_wconf 90' lang='lat' dir='ltr'><strong>Quas</strong></span> <span class='ocrx_word' id='word_1_200' title='bbox 1105 3686 1265 3784; x_wconf 81' lang='lat' dir='ltr'><strong>proiecto</strong></span> <span class='ocrx_word' id='word_1_201' title='bbox 1291 3687 1339 3758; x_wconf 86' lang='lat' dir='ltr'><strong>ita</strong></span> 
     </span>
     <span class='ocr_line' id='line_1_29' title="bbox 275 3799 1338 3899; baseline 0 -27"><span class='ocrx_word' id='word_1_202' title='bbox 275 3800 352 3874; x_wconf 87' lang='lat' dir='ltr'><strong>fieri</strong></span> <span class='ocrx_word' id='word_1_203' title='bbox 368 3803 548 3899; x_wconf 84' lang='lat' dir='ltr'><strong>aegerrime</strong></span> <span class='ocrx_word' id='word_1_204' title='bbox 561 3825 602 3874; x_wconf 88' lang='lat' dir='ltr'><strong>ac</strong></span> <span class='ocrx_word' id='word_1_205' title='bbox 619 3800 927 3899; x_wconf 83' lang='lat' dir='ltr'><strong>displicentissime</strong></span> <span class='ocrx_word' id='word_1_206' title='bbox 940 3799 1034 3890; x_wconf 90' lang='lat' dir='ltr'><strong>tulit,</strong></span> <span class='ocrx_word' id='word_1_207' title='bbox 1055 3799 1216 3899; x_wconf 89' lang='lat' dir='ltr'><strong>plurimis</strong></span> <span class='ocrx_word' id='word_1_208' title='bbox 1230 3800 1338 3873; x_wconf 87' lang='lat' dir='ltr'><strong>etiam</strong></span> 
     </span>
     <span class='ocr_line' id='line_1_30' title="bbox 274 3913 1337 4017; baseline -0.002 -27"><span class='ocrx_word' id='word_1_209' title='bbox 274 3917 378 3990; x_wconf 88' lang='lat' dir='ltr'><strong>valde</strong></span> <span class='ocrx_word' id='word_1_210' title='bbox 393 3942 502 4017; x_wconf 89' lang='lat' dir='ltr'><strong>super</strong></span> <span class='ocrx_word' id='word_1_211' title='bbox 513 3916 585 3988; x_wconf 92' lang='lat' dir='ltr'><strong>boc</strong></span> <span class='ocrx_word' id='word_1_212' title='bbox 601 3913 863 3989; x_wconf 89' lang='lat' dir='ltr'><strong>admirantibus</strong></span> <span class='ocrx_word' id='word_1_213' title='bbox 880 3913 927 3988; x_wconf 89' lang='lat' dir='ltr'><strong>de</strong></span> <span class='ocrx_word' id='word_1_214' title='bbox 943 3929 1016 3986; x_wconf 88' lang='lat' dir='ltr'><strong>tam</strong></span> <span class='ocrx_word' id='word_1_215' title='bbox 1027 3914 1145 3988; x_wconf 89' lang='lat' dir='ltr'><strong>subita</strong></span> <span class='ocrx_word' id='word_1_216' title='bbox 1161 3929 1198 3988; x_wconf 91' lang='lat' dir='ltr'><strong>et</strong></span> <span class='ocrx_word' id='word_1_217' title='bbox 1213 3915 1337 4014; x_wconf 78' lang='lat' dir='ltr'><strong>praeci-</strong></span> 
     </span>
    </p>
   </div>
   <div class='ocr_carea' id='block_1_3' title="bbox 187 4209 1104 4404">
    <p class='ocr_par' dir='ltr' id='par_1_3' title="bbox 187 4209 1104 4404">
     <span class='ocr_line' id='line_1_31' title="bbox 314 4209 1104 4290; baseline -0.004 -19"><span class='ocrx_word' id='word_1_218' title='bbox 314 4216 344 4271; x_wconf 85' lang='lat' dir='ltr'><strong>l.</strong></span> <span class='ocrx_word' id='word_1_219' title='bbox 370 4239 383 4264; x_wconf 84' lang='grc' dir='ltr'>ι</span> <span class='ocrx_word' id='word_1_220' title='bbox 396 4211 469 4290; x_wconf 88' lang='lat' dir='ltr'><strong>Cinq</strong></span> <span class='ocrx_word' id='word_1_221' title='bbox 481 4223 562 4270; x_wconf 89' lang='lat' dir='ltr'><strong>cents</strong></span> <span class='ocrx_word' id='word_1_222' title='bbox 576 4211 672 4270; x_wconf 81' lang='lat' dir='ltr'><strong>lances</strong></span> <span class='ocrx_word' id='word_1_223' title='bbox 686 4209 723 4270; x_wconf 90' lang='lat' dir='ltr'><strong>de</strong></span> <span class='ocrx_word' id='word_1_224' title='bbox 737 4209 764 4268; x_wconf 89' lang='lat' dir='ltr'><strong>la</strong></span> <span class='ocrx_word' id='word_1_225' title='bbox 778 4209 866 4289; x_wconf 90' lang='lat' dir='ltr'><strong>petite</strong></span> <span class='ocrx_word' id='word_1_226' title='bbox 879 4210 1074 4270; x_wconf 80' lang='lat' dir='ltr'><strong>ordonumce.</strong></span> <span class='ocrx_word' id='word_1_227' title='bbox 1092 4235 1104 4260; x_wconf 78' lang='grc' dir='ltr'>ι</span> 
     </span>
     <span class='ocr_line' id='line_1_32' title="bbox 187 4301 719 4404; baseline 0.002 -41"><span class='ocrx_word' id='word_1_228' title='bbox 187 4315 191 4324; x_wconf 92' lang='grc'><strong>“</strong></span> <span class='ocrx_word' id='word_1_229' title='bbox 315 4307 346 4404; x_wconf 55' lang='grc' dir='ltr'><strong>ἓ.</strong></span> <span class='ocrx_word' id='word_1_230' title='bbox 369 4305 507 4363; x_wconf 73' lang='lat' dir='ltr'><strong>Mezieres</strong></span> <span class='ocrx_word' id='word_1_231' title='bbox 520 4323 558 4362; x_wconf 88' lang='lat' dir='ltr'><strong>eu</strong></span> <span class='ocrx_word' id='word_1_232' title='bbox 570 4301 719 4366; x_wconf 76' lang='lat' dir='ltr'><strong>Ardettos.</strong></span> 
     </span>
    </p>
   </div>
   <div class='ocr_carea' id='block_1_4' title="bbox 0 0 1706 5186">
    <p class='ocr_par' dir='ltr' id='par_1_4' title="bbox 0 0 1706 5186">
     <span class='ocr_line' id='line_1_33' title="bbox 0 0 1706 5186; baseline 0 2"><span class='ocrx_word' id='word_1_233' title='bbox 0 0 1706 5186; x_wconf 95' lang='lat' dir='ltr'><strong> </strong></span> 
     </span>
    </p>
   </div>
  </div>
 </body>
</html>
