3282 5168
617 545 727 602 LIBER
746 543 910 603 Tannus
1233 543 1291 606 28³

236 675 302 766 vit,
323 690 396 747 tam
419 673 465 746 ad
484 674 787 774 repurgandum,
805 699 828 755 ,a
845 698 920 773 quo
948 677 1054 750 talem
1079 676 1293 774 processisse

185 829 190 838 =
237 789 540 890 dispensationem
555 805 627 864 tam
639 816 701 865 rex
717 814 826 890 quam
844 816 984 878 omnes,
1005 793 1067 890 qui
1084 789 1290 886 audiebant,

238 904 601 1004 mirabantur„quam
622 907 728 980 etiam
746 923 786 978 ut
809 931 920 981 manu
939 909 1035 1005 regia
1053 921 1290 996 coerceretur,

238 1047 284 1094 ne
300 1023 336 1094 in
361 1037 434 1095 tam
457 1023 665 1096 scandaloso
682 1037 717 1114 et
733 1024 876 1122 pessimi
897 1025 1050 1123 exempli
1072 1023 1203 1123 copula
1226 1024 1295 1098 im-

238 1164 336 1236 pune
352 1154 588 1237 permaneret.
744 1213 749 1224 ,

288 1255 366 1325 lloc
391 1269 510 1327 autem
535 1281 600 1355 per
622 1281 741 1352 regem
768 1255 935 1330 Carolum
959 1253 1159 1346 intellecto,
1182 1253 1296 1352 pluri·

241 1368 380 1466 busque
399 1370 608 1443 criminibus
624 1370 720 1460 aliis,
739 1371 869 1468 quibus
888 1371 986 1444 idem
1002 1394 1124 1442 comes
1139 1393 1221 1442 reus
1238 1367 1298 1442 de·

242 1481 422 1557 serebatur
437 1509 457 1556 a
475 1484 611 1575 multis,
632 1509 715 1556 eum
735 1485 782 1557 ad
802 1485 938 1558 curiam
961 1509 1063 1556 suam
1086 1483 1299 1584 parlamenti

243 1600 447 1692 parisiensis
476 1602 514 1671 in
541 1601 600 1697 jus
631 1601 793 1673 accersiri
821 1601 901 1672 iecit
917 1605 942 1686 ¹,
971 1613 1009 1672 ut
1042 1613 1168 1676 contra
1195 1623 1299 1672 suum

244 1733 513 1816 procuratorem
543 1743 650 1817 super
681 1718 891 1814 objiciendis
922 1716 989 1790 sibi
1022 1715 1232 1790 criminibus
1262 1716 1299 1790 in

241 1833 322 1930 jure
338 1833 591 1932 responderet,
607 1859 772 1930 seseque,
790 1835 820 1904 si
844 1847 982 1932 posset,
1009 1832 1161 1929 legitime
1177 1830 1300 1904 defen·

246 1950 357 2021 deret.
382 1947 455 2020 lllic
471 1963 591 2022 autem
618 1973 848 2048 comparens,
865 1949 932 2022 sub
954 1962 1088 2021 arresto
1108 1949 1245 2045 positus
1266 1963 1301 2021 et

247 2064 434 2154 inhibitus,
455 2089 501 2136 ne
524 2065 651 2137 urbem
673 2066 786 2165 ipsam
809 2064 928 2163 egredi
952 2079 1197 2164 praesumeret,
1222 2063 1298 2136 fuit.
1324 2119 1327 2126 ,

248 2180 321 2252 lllic
337 2180 442 2276 igitur
458 2178 567 2277 longo
586 2194 748 2279 tempore
769 2181 920 2277 perstitit
932 2179 977 2252 ad
987 2204 1024 2251 se
1033 2177 1301 2251 defendendum

248 2310 372 2368 contra
397 2297 641 2382 accusationes
663 2319 742 2394 quae
766 2309 890 2368 contra
916 2319 954 2367 se
976 2294 1300 2393 promovebantur,

249 2424 381 2482 etcum
402 2410 522 2484 nullus
543 2411 800 2486 advocatorum
818 2411 931 2482 Curiae
947 2434 1012 2508 pro
1035 2433 1141 2482 causa
1160 2434 1223 2483 sua
1240 2435 1305 2484 au-

249 2525 350 2597 deret
369 2539 533 2624 praestare
548 2528 801 2624 patrocinium,
821 2528 898 2626 ipso
918 2526 1132 2625 postulante,
1148 2526 1303 2601 advoca·

250 2656 307 2713 tus
329 2641 398 2714 sibi
421 2641 525 2714 datus
547 2643 612 2714 fuit
635 2668 699 2742 per
720 2643 862 2714 (iuriam
881 2644 935 2714 vir
951 2642 1101 2714 disertus
1124 2657 1158 2714 et
1173 2643 1306 2740 injure

251 2757 405 2857 peritus,
424 2756 590 2853 magister
606 2761 949 2856 Petrus'Por’grmut‘,
965 2757 1149 2854 adjuratus
1166 2780 1187 2830 a
1201 2759 1306 2832 Curia

252 2888 305 2960 nt,
324 2898 432 2969 quam
450 2874 576 2946 melius
591 2889 698 2972 atque
714 2873 853 2947 fidelius
869 2889 1000 2973 posset,
1020 2897 1124 2946 suum
1142 2873 1210 2945 sibi
1226 2898 1309 2947 con·

253 2990 370 3062 silium
397 3005 504 3088 atque
527 2990 765 3088 patrocinium
786 2989 994 3088 impertiret.
1014 2989 1102 3080 Qui,
1126 3002 1208 3086 post
1226 2987 1308 3061 lon·

254 3129 335 3200 gam
366 3130 551 3204 processus
568 3121 603 3177 et
623 3130 736 3178 causae
759 3105 1032 3198 deductionem,
1061 3128 1144 3176 cum
1169 3104 1309 3180 videret

255 3245 355 3308 eum,
374 3221 404 3291 si
429 3245 504 3293 rem
524 3221 678 3318 judicari
699 3236 935 3321 exspectaret,
956 3223 991 3292 in
1010 3221 1207 3293 maximum
1229 3221 1310 3294 vitas
1427 3235 1430 3242 ’

255 3348 290 3406 et
314 3349 425 3408 status
444 3337 499 3410 sui
524 3337 722 3438 periculum
746 3362 788 3411 ac
811 3336 1002 3410 discrimen
1026 3361 1130 3437 posse
1157 3335 1307 3429 adduci,

255 3451 445 3524 consilium
465 3454 634 3552 praebuit,
657 3469 826 3551 tanquam
843 3456 1020 3552 optimum
1038 3453 1111 3526 sibi·
1128 3469 1234 3552 atque
1256 3477 1311 3526 sa·

256 3566 506 3660 luberrimum‚
525 3583 566 3642 ut
578 3571 624 3642 de
640 3569 721 3664 fuga
739 3582 877 3644 mature
895 3571 1089 3667 cogitaretr
1106 3570 1207 3668 quod
1227 3568 1308 3660 sibi,

257 3707 331 3754 non
352 3683 463 3756 modo
489 3683 592 3776 utile,
610 3683 673 3756 sed
693 3697 729 3756 et
749 3686 989 3757 necessarium
1006 3711 1082 3759 esse
1097 3700 1194 3758 ratus
1215 3698 1308 3778 erat,

258 3798 287 3870 si
301 3797 418 3870 salvus
435 3823 512 3871 esse
527 3799 642 3871 vellet.

307 3914 406 3985 Clam
430 3912 573 3986 adscitis
593 3911 674 3987 fidis
695 3911 904 3991 satellitibus
926 3937 968 3988 ac
988 3913 1201 4002 comitibus,
1228 3939 1312 3990 cum

300 4095 329 4240 i
352 4095 502 4240 linddridt
524 4197 564 4238 un
587 4198 767 4264 personnage
792 4179 990 4256 considerable
1013 4200 1081 4242 sous
1099 4180 1186 4253 bouis
1201 4184 1255 4244 xt.
1273 4185 1312 4244 Cr

260 4268 329 4348 qu’il
345 4269 376 4330 fit
390 4289 465 4350 pour
477 4269 504 4330 ie
517 4270 611 4330 comte
626 4271 818 4356 d’armagnac
833 4272 873 4334 lui
888 4272 968 4346 volut
983 4273 1011 4348 la
1025 4285 1100 4350 tegre
1113 4269 1312 4354 d’Entragues.
