3384 5184
614 551 724 608 matt
750 549 954 612 SECUNDUS·
1257 555 1314 616 tat

255 679 384 756 talibus
412 679 558 752 insaniis
578 694 615 754 et
634 679 857 754 exsecrandis
878 681 952 754 suis
972 679 1111 754 actibus
1134 681 1172 754 in
1189 684 1310 782 patriae

255 823 330 872 suae
349 817 526 894 suumque
544 797 793 870 exterminium
811 797 1040 900 praelatorum
1067 795 1257 873 illustrium
1278 815 1315 874 et

256 911 588 1014 potentissimorum
614 913 819 1011 principum
843 913 936 985 vires
964 913 1234 1011 potentiamque
1261 940 1316 989 ar·

256 1041 396 1102 marent
414 1041 449 1099 et
465 1028 677 1122 excitarent,
698 1028 794 1100 misit
808 1026 881 1100 dux
898 1027 1101 1127 Philippus,
1121 1022 1234 1128 pater,
1252 1033 1316 1128 qui

254 1169 362 1218 senex
377 1144 500 1241 etjam
517 1143 726 1242 grandaevus
750 1142 949 1217 Bruxellam
965 1142 1169 1234 incolebat,
1192 1144 1239 1219 ad
1255 1169 1316 1218 co·

254 1261 379 1334 mitem
395 1259 442 1333 de
457 1259 653 1354 Charolois,
670 1258 783 1332 filium
797 1283 915 1350 suum,
931 1261 1078 1334 nuntios
1090 1275 1126 1334 et
1134 1261 1315 1360 epistolas,

254 1376 464 1477 praecipiens
481 1390 515 1448 et
540 1374 608 1448 sub
628 1398 735 1473 poena
757 1389 913 1475 paternae
935 1375 1191 1474 indignationis
1213 1377 1318 1452 inter·

253 1493 409 1581 minans,
432 1515 516 1564 cum
536 1515 602 1564 suo
615 1491 773 1564 exercitu
786 1505 925 1563 mature
937 1491 985 1565 ud
996 1517 1034 1564 se
1045 1516 1198 1592 suasque
1207 1507 1318 1570 terras

253 1606 400 1699 rediret,
421 1619 459 1678 ut
475 1629 533 1678 eas
549 1619 675 1678 contra
691 1607 837 1678 insanos
853 1628 896 1678 ac
912 1605 1090 1679 nefandos
1108 1631 1215 1680 ausus
1229 1613 1320 1682 leo·

255 1724 433 1798 diensium
455 1737 650 1813 tutaretur,
673 1736 926 1823 susceptasque
946 1722 992 1797 ab
1014 1726 1064 1798 eis
1091 1725 1321 1802 ulcisceretur

254 1841 414 1938 injurias.
433 1839 475 1912 ln
490 1839 566 1913 dies
580 1864 736 1938 namque
748 1839 930 1939 prioribus
943 1841 1123 1916 deteriora
1138 1845 1320 1919 cumulare

253 1956 471 2054 satagebant,
487 1968 537 2050 et,
555 1955 654 2029 velut
669 1980 691 2029 a
706 1956 807 2049 furiis
819 1956 1066 2051 infernalibus,
1080 1959 1181 2056 juxta
1197 1975 1321 2060 poeta·

253 2097 335 2145 rum
350 2071 509 2164 fabulas,
536 2073 664 2163 exciti,
692 2071 744 2144 nil
760 2071 858 2144 aliud
877 2097 1059 2171 quaerere,
1086 2099 1197 2173 quam
1213 2077 1267 2148 sui
1282 2089 1322 2149 et

252 2194 501 2292 proximorum
539 2207 646 2290 atque
677 2193 882 2266 vicinorum
906 2195 1183 2288 exterminium,
1217 2195 1317 2282 vide·

252 2307 401 2382 bantur.
516 2293 519 2300 ¹

300 2425 478 2525 Susceptis
507 2426 628 2523 itaque
660 2425 818 2524 paternis
843 2425 1045 2521 mandatis,
1072 2442 1219 2501 coaetus
1250 2427 1315 2502 tuit

252 2541 328 2640 ipse
350 2564 491 2636 comes,
507 2541 653 2638 qualem
671 2542 811 2642 potuit,
839 2566 907 2641 pro
932 2545 1145 2640 emergentis
1167 2545 1237 2618 sibi
1254 2570 1317 2618 ue·

252 2657 423 2732 cessitatis
451 2659 679 2747 conditione,
703 2681 841 2757 arege,
861 2672 935 2730 tam
955 2682 1023 2758 pro
1046 2684 1084 2732 se
1108 2684 1219 2758 quam
1241 2661 1319 2736 aliis

252 2773 494 2874 principibus,
510 2777 609 2874 pacis
622 2774 849 2848 conditiones
863 2776 1039 2874 accipere.
1053 2779 1152 2864 Quas
1168 2776 1316 2874 quidem

251 2915 333 2984 rex,
352 2891 417 2989 qui
438 2905 516 2964 toto
542 2891 692 2983 annisu,
713 2905 752 2963 ut
770 2890 945 2986 diximus,
965 2913 1093 2986 corum
1119 2890 1315 2966 discessum

251 3031 294 3080 ac
328 3008 592 3107 separationem
618 3032 641 3082 a
668 3005 705 3081 'se
735 3008 889 3081 invicem
917 3006 1168 3108 perquirebat,
1199 3005 1317 3083 libens

251 3127 427 3200 concessit
438 3153 448 3216 3
468 3125 623 3225 fecitque
641 3139 830 3198 tractatum
847 3148 913 3223 per
936 3149 1046 3223 quem
1071 3125 1223 3198 domino
1248 3127 1315 3198 Ca·

251 3240 349 3333 rolo,
369 3265 540 3340 germano
561 3267 646 3336 suo,
674 3266 743 3343 pro
768 3265 833 3314 sua
848 3239 1072 3315 haereditaria
1089 3239 1315 3313 successione

251 3371 401 3458 paterna
430 3360 689 3432 Normanuiam
710 3357 932 3456 assiguabat3
959 3355 1112 3430 domino
1137 3381 1224 3430 vero
1250 3382 1312 3430 co*

251 3457 329 3548 miti
358 3475 404 3548 de
436 3474 621 3548 Charoloir
647 3469 845 3568 Ambianis,
867 3471 1211 3547 Abbatis·Villamct
1227 3473 1314 3549 alias

251 3606 364 3664 terras
386 3614 495 3689 supra
522 3605 558 3663 et
578 3591 673 3665 ultra
695 3590 829 3663 flumen
846 3591 1076 3684 Summcnae,
1096 3612 1185 3689 quas
1201 3590 1311 3690 paulo

251 3721 335 3780 ante
366 3730 507 3779 summa
531 3705 879 3806 quadringentorum
902 3702 998 3778 mille
1024 3719 1212 3778 scutorum
1236 3707 1313 3796 (uti

249 3846 359 3921 supra
382 3821 591 3921 retulimus)
614 3823 836 3914 redemerat,
863 3820 991 3894 iterato
1021 3821 1188 3911 tradidit,
1207 3821 1312 3894 abeo

248 3939 392 4039 suisque
408 3937 611 4012 haeredibus
626 3953 803 4040 perpetuo
819 3935 992 4012 tenendas
1009 3953 1045 4012 et
1059 3935 1308 4038 possidendas.

248 4210 378 4272 muniere
400 4210 561 4272 de'tournee
582 4209 655 4271 dans
676 4211 704 4271 le
731 4210 860 4292 chapitrc
881 4210 1047 4292 precedent.
1071 4209 1138 4270 Vcir
1151 4209 1261 4270 Adrion
1274 4213 1311 4269 de

250 4307 469 4378 Veteri-Boreo,
483 4302 555 4364 dans
567 4303 772 4382 l'AmpIissr'ma
785 4305 918 4376 collectio,
931 4315 953 4367 t.
968 4305 1018 4374 1v,
1031 4300 1088 4362 col.
1105 4303 1194 4362 ¹278.
