3402 5186
628 543 736 600 LIBER
756 545 904 604 PRIMUS.
1257 550 1295 604 te

236 671 451 757 habuerant,
472 696 581 770 quam
599 673 750 745 aliorum
766 675 1009 747 sinenumero
1026 676 1087 772 qni
1105 674 1151 747 ad
1169 675 1295 750 eadem

237 788 467 879 anhelabant,
486 813 565 887 quae
581 801 768 888 nunquam
784 791 959 890 perprius
975 791 1172 864 tenuissent
1189 807 1297 890 atque
1348 791 1350 807 '

237 905 459 997 habuissent;
484 919 626 1004 quanlae
638 928 705 1004 pro
721 905 869 1003 hujusce
887 905 993 978 rebus
1011 899 1297 1006 importunitates

237 1023 557 1120 prosequentium,
590 1035 723 1119 quanta
744 1022 842 1120 apud
866 1022 1046 1109 diversos,
1078 1027 1140 1121 qui
1163 1025 1298 1121 aliquid

139 1119 153 1144 ⁰
238 1162 342 1236 posse
359 1138 458 1237 apud
475 1163 612 1210 novum
631 1162 752 1235 regem
769 1139 1080 1232 existimabantur,
1099 1142 1299 1239 patrocinia

238 1278 305 1354 pro
316 1254 410 1326 votis
425 1251 897 1351 consequendiseanisita3
918 1269 1008 1351 quot
1024 1279 1191 1350 munera,
1211 1268 1302 1354 quot

238 1370 410 1468 pecuniae,
427 1385 516 1466 quot
528 1369 878 1466 largitionestemere
888 1381 923 1440 et
934 1369 1298 1460 infructuoseellusae,

238 1487 295 1558 vix
322 1486 395 1558 ulla
420 1485 623 1558 elocutione
645 1483 862 1556 sufficienter
883 1485 1020 1557 narrari
1038 1500 1171 1584 posset.
1191 1491 1302 1563 Tanta

239 1606 336 1676 enim
351 1605 599 1676 universorum
614 1627 713 1701 paene
728 1602 869 1674 animos
886 1600 969 1672 talia
983 1600 1172 1674 obtinendi
1185 1601 1303 1674 ollicia

239 1717 389 1792 ambitio
421 1717 623 1816 occupabat
655 1732 762 1814 atque
791 1715 992 1806 detinebat,
1020 1731 1077 1807 ut,
1110 1742 1177 1816 pro
1208 1727 1304 1789 asse-

240 1836 384 1933 quendo
402 1836 501 1932 quod
525 1832 717 1932 optabant,
735 1831 826 1904 nihil
843 1833 985 1933 penitus
1009 1832 1224 1906 intentatum
1241 1857 1303 1905 re-

238 1951 461 2049 linquerent,
496 1951 597 2049 quod
617 1951 668 2023 eis
697 1951 743 2022 nd
769 1950 988 2048 potiundum
1016 1949 1201 2042 desideriis
1232 1954 1304 2024 suis

240 2067 421 2165 suffragari
430 2089 535 2166 posse
545 2067 817 2140 arbitrarentur.
827 2071 870 2138 Et
879 2067 1301 2166 quamplurimiqnidem,

240 2198 275 2255 et
288 2197 384 2254 extra
401 2207 509 2278 quam
521 2183 620 2256 credi
637 2183 739 2258 lacile
747 2199 881 2283 posset,
897 2208 1011 2282 usque
1028 2187 1064 2256 in
1076 2187 1305 2261 Hannoniam

240 2311 277 2371 et
288 2296 481 2370 Brabantia
498 2299 598 2390 fines,
618 2316 802 2397 comperta
820 2301 927 2398 patris
943 2315 1073 2390 morte,
1088 2302 1206 2373 statim
1220 2329 1306 2401 prae·

239 2427 434 2487 currerunt.
452 2415 592 2502 Quibus
608 2439 709 2512 paene
728 2413 896 2484 omnibus
913 2439 986 2486 una
1003 2429 1143 2487 tantum
1158 2411 1306 2517 respon·

239 2529 340 2601 sione
355 2528 570 2603 satisfactum
580 2531 694 2602 luerat
708 2556 716 2599 :
731 2527 894 2599 videlicet
911 2553 1032 2624 regem
1044 2532 1192 2604 minime
1204 2535 1304 2632 regni

240 2643 357 2718 ollicia
373 2643 647 2742 dispositurum,
667 2643 790 2740 quoad
807 2641 933 2714 urbem
950 2668 1051 2715 suam
1070 2647 1302 2720 Parisiensern

240 2761 415 2858 ingressus
434 2760 534 2831 soret.
561 2763 711 2858 Propter
729 2757 828 2853 quod
846 2756 1017 2829 mirabilis
1038 2759 1084 2831 ad
1105 2761 1217 2858 ipsam
1239 2789 1304 2835 ur-

167 2865 170 2872 *
240 2878 322 2980 bern
349 2875 472 2951 talium
502 2876 776 2951 ambitiosorum
797 2899 839 2947 ac
869 2873 1084 2976 cupidorum
1107 2878 1300 2954 multitudo

240 2996 421 3068 confluxit
744 3004 746 3010 '

290 3115 402 3183 Porro
419 3110 500 3182 licet
516 3109 645 3182 talibus
658 3109 708 3180 eis
723 3105 933 3180 illuderetur
949 3108 1141 3207 responsis,
1161 3107 1299 3182 nihilo-

197 3279 207 3296 .
240 3227 359 3298 minus
375 3241 510 3313 tamen,
530 3241 611 3297 ante
624 3226 820 3322 ingressum
834 3223 927 3296 illius
941 3223 1056 3314 urbis,
1074 3249 1300 3324 quacumque

240 3343 307 3415 iter
318 3343 461 3434 faceret,
480 3341 527 3413 de
543 3339 764 3437 hujusmodi,
783 3339 966 3438 potissime
982 3339 1029 3414 de
1045 3342 1300 3441 principaliori·

239 3456 307 3531 bus
321 3485 364 3532 ac
376 3457 608 3559 primioribus
621 3456 721 3554 regni
736 3453 873 3544 officiis,
891 3456 967 3553 ipse
984 3480 1042 3527 rex
1061 3453 1296 3557 disponebat:

240 3589 380 3647 tantum
396 3573 586 3672 indulgens
599 3573 691 3657 suis,
718 3570 780 3668 qui
797 3570 829 3641 ei
846 3571 882 3641 in
909 3570 1096 3644 Brabantia
1111 3587 1173 3644 aut
1189 3573 1296 3667 alibi,

241 3689 330 3761 dum
347 3715 368 3762 a
384 3691 539 3789 paternis
555 3688 694 3760 abesset
708 3683 855 3773 laribus,
877 3686 1081 3779 servierant,
1102 3702 1161 3777 nt,
1182 3687 1300 3762 donec

240 3804 286 3876 ad
303 3805 500 3877 satietatem
519 3827 631 3900 usque
653 3799 778 3899 repleti
803 3812 936 3891 essent,
958 3799 1046 3870 nihil
1068 3803 1203 3873 caeteris
1224 3827 1301 3876 esse

241 3921 529 3998 distribuendum
540 3932 710 3994 censeret.
724 3921 861 4014 Exquo
874 3915 1042 3989 ellectum
1051 3934 1148 3992 estut
1158 3919 1301 3993 cuidam

242 4037 392 4112 domino
419 4037 465 4109 de
490 4032 803 4130 Monte-Albanil,
834 4031 1056 4131 inexplebilis
1089 4037 1243 4108 avaritiae
1268 4051 1303 4108 et

284 4225 312 4278 l.
334 4223 407 4277 Jean
430 4215 467 4276 de
489 4215 682 4290 Monrauban,
705 4215 841 4294 seigneur
863 4213 968 4274 breton
989 4214 1040 4292 qui
1059 4215 1164 4294 passait
1185 4235 1260 4294 pour
1278 4217 1306 4276 le

244 4307 399 4368 meurtrier
416 4303 456 4363 dn
473 4307 572 4384 prince
585 4304 675 4363 Gilles
689 4304 726 4364 de
740 4307 892 4383 bretagne.
