3402 5186
366 545 402 600 78
635 541 891 598 fllsvoltltnuu
912 537 1090 596 LUDOVICl
1109 539 1152 594 XI

364 699 444 746 rum
466 672 616 772 praelatis
638 674 842 770 caeterisque
866 670 1154 770 quibuscumque
1179 672 1424 746 ecclesiasticis

364 790 525 888 personis
541 802 577 860 et
593 789 738 886 piorum
763 787 1110 860 administratoribus
1133 785 1320 860 titulorum
1341 811 1424 887 pro·

364 906 546 990 venerint,
580 905 746 1000 quotiens
771 929 792 976 a
819 902 967 975 diversis
996 903 1216 976 secularium
1247 903 1426 977 officiariis

365 1036 472 1118 atque
508 1022 678 1094 ministris
710 1022 826 1093 vexati
858 1021 1142 1118 exactionatique
1168 1019 1316 1115 fuerint,
1346 1045 1424 1093 non

366 1139 465 1210 facile
477 1138 547 1210 dici
561 1153 697 1236 posset;
712 1138 762 1210 ita
774 1149 816 1209 ut
828 1137 990 1236 prolecto
1002 1137 1083 1236 pius
1095 1161 1170 1228 rex,
1184 1138 1259 1209 imo
1271 1138 1427 1211 maxime

366 1268 490 1326 auctor
509 1253 699 1351 impietatis
721 1267 757 1324 et
770 1252 966 1348 sacrilegii,
992 1253 1132 1350 egregia
1148 1277 1214 1351 per
1230 1252 1302 1324 boc
1321 1254 1427 1325 anni-

366 1371 537 1460 versaria,
563 1393 630 1467 pro
653 1369 899 1469 redemptione
919 1383 1150 1469 peccatorum
1172 1393 1337 1462 suorum,
1362 1395 1428 1468 per

368 1510 494 1558 omnes
507 1486 607 1583 regni
623 1488 677 1558 sui
694 1485 872 1581 ecclesias,
892 1487 1047 1586 plurima
1064 1487 1279 1580 fundaverit,
1298 1483 1427 1560 talibus

369 1601 492 1674 dotata
508 1616 544 1674 et
558 1601 707 1674 subnixa
722 1603 859 1675 edictis.

417 1720 536 1794 Edixit
551 1735 671 1793 autem
691 1734 726 1793 et
742 1719 840 1793 aliud
856 1721 975 1793 statim
991 1723 1028 1793 in
1047 1722 1103 1794 sui
1123 1723 1279 1796 novitate
1298 1722 1429 1796 adven·

369 1851 439 1909 tus.
458 1841 727 1910 Consueveraut
741 1837 837 1907 enim
854 1861 919 1935 per
934 1829 1051 1911 totum
1069 1863 1221 1937 regnum
1237 1839 1376 1912 nobiles
1393 1855 1429 1912 et

370 1953 611 2026 ecclesiasticae
635 1968 744 2050 atque
770 1949 878 2024 etiam
903 1954 980 2026 aliae
1002 1955 1184 2028 nonnullae
1203 1955 1429 2055 privilegiatae

371 2094 550 2169 personae,
578 2070 677 2162 vina,
706 2093 784 2166 quae
807 2068 853 2140 de
879 2071 1032 2169 propriis
1056 2096 1184 2144 eorum
1209 2071 1350 2172 praediis
1373 2069 1429 2144 vel

371 2183 519 2260 decimis
535 2183 779 2282 provenirent,
796 2184 911 2256 facere
929 2185 1114 2258 ducellari¹
1130 2187 1265 2285 absque
1282 2185 1430 2282 alicujus

371 2301 548 2374 solutione
560 2300 738 2398 vectigalis
750 2326 811 2372 seu
825 2301 947 2373 tributi
953 2329 963 2391 ς
982 2317 1017 2374 et
1030 2327 1137 2402 super
1148 2302 1221 2375 hoc
1233 2304 1431 2375 constitutae

372 2431 472 2489 erant
488 2417 645 2516 plurium
662 2416 889 2489 ecclesiarum
904 2441 947 2489 ac
961 2419 1262 2490 monasteriorum
1278 2419 1381 2491 dotes
1396 2429 1430 2488 et

372 2539 578 2608 revenutae¹.
598 2539 700 2606 Hane
717 2548 836 2607 autem
854 2533 1050 2608 nobilitatis
1062 2549 1097 2610 et
1114 2537 1277 2609 omnium
1289 2534 1431 2635 privile·

372 2651 548 2745 gidarum
575 2676 812 2750 personarum
840 2649 1040 2726 libertatem
1068 2654 1142 2726 sive
1169 2653 1432 2726 immunitatem

374 2792 447 2838 uno
466 2769 620 2865 generali
640 2769 781 2841 sustulit
796 2783 905 2867 atque
926 2767 1084 2841 inhibuit
1103 2769 1249 2842 ediet0⁸.
1273 2773 1361 2857 Quae
1379 2783 1432 2842 ta-

373 2907 457 2956 men
471 2901 566 2958 retro
579 2878 803 2984 temporibus
819 2885 1032 2958 inconcusse
1045 2911 1110 2984 per
1125 2910 1276 2983 regnum
1293 2909 1434 2984 semper

373 2997 488 3072 luerat
520 2999 727 3094 observata;
760 3000 821 3072 sed
850 3015 958 3073 tantae
988 3001 1052 3074 iste
1084 3002 1251 3102 princeps
1280 3002 1434 3074 avaritiae

374 3127 481 3210 atque
507 3115 726 3213 rapacitatis,
754 3130 816 3186 aut
840 3115 964 3188 alienae
987 3116 1158 3190 libertatis
1180 3118 1271 3190 adeo
1294 3116 1434 3190 invidus

375 3255 452 3302 esse
480 3230 686 3322 videbatur,
713 3229 831 3328 quod,
861 3247 901 3304 ut
930 3259 995 3307 sua
1024 3232 1214 3331 adaugeret
1240 3232 1434 3306 commoda

375 3347 518 3446 suisque
531 3348 829 3446 concupiscentiis
842 3349 1019 3449 potiretur
1034 3352 1079 3447 (si
1094 3364 1213 3424 tamen
1228 3364 1324 3424 recte
1337 3375 1436 3423 com·

377 3461 485 3534 moda
500 3461 571 3535 dici
584 3477 646 3535 aut
660 3464 797 3535 censeri
812 3464 964 3563 possint,
983 3490 1062 3562 quae
1078 3466 1147 3537 nisi
1165 3491 1248 3539 cum
1263 3465 1435 3565 plurimo·

377 3602 456 3649 rum
470 3577 609 3674 jactura
625 3594 731 3678 atque
747 3579 878 3678 injuria
889 3581 1036 3653 minime
1047 3584 1237 3680 provenire
1253 3579 1432 3681 possunt),

377 3695 500 3769 omnia
517 3694 638 3768 divina
658 3710 694 3770 et
711 3696 870 3771 humana
883 3697 965 3795 jura
982 3699 1204 3773 confundere
1224 3714 1332 3799 atque
1349 3722 1436 3798 per-

378 3826 533 3905 vertere,
553 3813 663 3888 veluti
680 3838 747 3912 pro
764 3813 896 3904 nihilo,
915 3814 1080 3888 ducebat.

366 4101 370 4106 ,
419 4040 449 4098 l.
470 4039 510 4098 Ge
527 4035 605 4110 nint,
624 4037 675 4116 qui
689 4040 764 4097 n'est
780 4057 832 4116 pas
846 4037 917 4098 dans
936 4041 985 4097 Du
997 4041 1109 4121 Gange,
1123 4049 1167 4098 est
1180 4037 1278 4120 repete
1292 4041 1310 4098 a
1322 4039 1350 4099 la
1364 4057 1438 4120 page

378 4125 520 4189 suivante.
535 4125 611 4188 G’est
624 4145 665 4186 un
679 4127 866 4204 frequentatis
875 4127 1037 4187 deducere.

420 4219 448 4279 Ξ.
472 4221 575 4278 ‘ferme
591 4217 628 4278 de
644 4215 777 4296 pratiqne
791 4215 874 4298 lorge
887 4237 938 4278 sur
950 4218 977 4276 le
991 4215 1115 4298 francais
1129 4237 1256 4282 ravenue.

421 4309 449 4366 ³.
471 4311 523 4368 Cet
538 4306 597 4366 edit
612 4311 685 4366 n’est
698 4326 749 4386 pas
764 4305 835 4366 dans
849 4307 877 4364 le
889 4306 1007 4366 Recueil
1023 4307 1074 4369 des
1089 4307 1304 4368 Ordonnances.
