3322 5172
370 367 387 383 ιι
452 348 456 356 =
481 371 490 387 9

459 383 485 432 ‚b

378 537 436 594 432
695 535 816 594 INDEX
838 533 1114 594 CAPITULORUM·
1165 581 1175 628 ·.

398 789 402 798 .
415 714 583 789 apprehendi
596 727 622 768 ct
633 715 660 766 in
675 733 808 768 carcerem
819 714 888 768 mitti
900 713 961 767 fecit
973 733 1051 773 suum
1067 713 1230 768 cardinalem
1241 673 1440 788 &degn-”⁰¹⁸

418 822 525 860 vensem
541 815 568 856 et
581 803 736 875 episcopum
747 800 941 856 virdunensem
944 841 1362 860 ........................
1386 805 1439 858 208

379 945 538 1000 camur
550 961 622 1002 xxm.
636 973 672 986 -
684 946 724 997 De
736 943 953 998 reconciliatione
963 942 1052 996 Caroli
1068 959 1130 996 cum
1143 939 1282 997 Ludorico
1295 963 1367 1016 rege,

415 1053 540 1106 germano
552 1053 616 1101 suo,
633 1051 730 1104 exque
744 1032 869 1086 ducatum
889 1031 1052 1102 Aquitaniae,
1066 1031 1247 1088 renuntiando
1259 1033 1369 1089 ducatui

415 1125 597 1196 Normannia,
613 1141 664 1196 pro
676 1121 840 1178 hereditaria
852 1122 976 1193 portione
987 1122 1100 1195 accepit.
1119 1160 1361 1180 ..............
1387 1125 1438 1178 ΞΗ

767 1407 871 1462 LIBER
888 1407 1054 1468 TERTIUS.
1079 1445 1082 1452 ι

380 1589 539 1672 Cariruamt
549 1619 667 1658 ramum.
678 1633 715 1646 -
727 1606 767 1658 De
788 1607 901 1678 appulsu
917 1607 1020 1661 comitis
1036 1607 1070 1661 de
1083 1609 1214 1675 Warvicl,
1229 1607 1263 1662 de
1276 1607 1370 1681 Anglia

416 1694 529 1767 fugitivi,
543 1693 578 1749 ad
594 1695 684 1748 littora
699 1695 883 1763 Normaaniae,
898 1715 959 1748 cum
975 1696 1066 1769 prada
1082 1698 1199 1770 plurima
1212 1695 1245 1752 dc
1258 1697 1371 1752 natibus

415 1785 534 1841 ethonis
548 1783 716 1838 subditorum
735 1782 810 1838 ducis
826 1785 999 1857 Burgundioe;
1018 1800 1119 1841 etcum
1134 1801 1235 1860 quanto
1253 1788 1371 1841 savorea

415 1895 477 1948 rege
490 1875 656 1929 Francorum
668 1887 791 1956 exceptus
804 1873 854 1926 fuit
858 1913 1364 1931 .............................
1388 1875 1441 1928 218
1509 1865 1513 1870 ¹

380 2021 538 2076 Ciam-uruat
548 2039 579 2074 11.
594 2049 630 2062 -
642 2020 681 2073 De
692 2019 807 2074 amicitia
820 2022 960 2077 conciliata
972 2007 1021 2094 per
1035 2023 1201 2077 Francorum
1211 2041 1316 2095 regem,
1329 2021 1371 2076 in-

415 2123 455 2166 ter
469 2113 655 2182 Margaretam,
670 2110 818 2181 Anglorum
830 2113 965 2183 reginam,
981 2125 1007 2166 et
1021 2114 1076 2188 ejua
1092 2113 1192 2181 filium,
1207 2127 1233 2166 et
1246 2111 1370 2168 comitem

415 2199 448 2254 de
464 2198 595 2259 Warvicls,·
615 2211 641 2251 et
658 2196 692 2250 de
708 2198 791 2269 ipsius
808 2201 912 2254 comitis
928 2201 1045 2274 rapinis,
1063 2214 1089 2255 et
1105 2202 1184 2255 classe
1202 2216 1296 2257 contra
1310 2221 1371 2256 cum

414 2287 539 2339 instructa
551 2304 598 2358 per
610 2285 705 2339 ducem
717 2287 890 2358 Burgundiae.
908 2327 1365 2344 ..........................
1388 2289 1440 2346 tta

380 2433 538 2488 Gariannum
557 2451 598 2489 ru.
612 2463 644 2473 -
658 2434 699 2485 De
713 2431 811 2486 sedere
826 2452 950 2506 percusso
967 2434 1038 2488 inter
1056 2435 1219 2492 Francorum
1238 2454 1327 2508 regem
1345 2449 1371 2490 et

413 2523 563 2594 principem
573 2521 694 2586 wallia,
709 2521 859 2576 interventu
874 2523 978 2576 comitis
989 2521 1022 2575 de
1037 2525 1167 2590 Warvict,
1178 2562 1365 2579 ...........
1389 2525 1440 2580 22⁷

379 2666 537 2720 Gariannum
554 2684 593 2722 tv.
605 2695 641 2706 -
655 2667 694 2718 De
710 2664 813 2719 insidiis
831 2665 957 2720 adversus
971 2665 1068 2720 ducam
1081 2665 1241 2740 Burgundio
1255 2685 1303 2740 per
1316 2683 1372 2721 me·
1451 2742 1454 2748 Ι

415 2755 491 2810 dium
504 2753 641 2818 Balduini,
653 2755 741 2808 fratris
754 2757 795 2808 sui
807 2757 944 2822 naturalis,
955 2757 1111 2811 machinatis
1125 2770 1152 2810 et
1164 2756 1284 2824 detectis,
1296 2769 1374 2829 atque

414 2843 534 2916 ejusdem
546 2842 670 2896 Balduini
686 2845 764 2898 celeri
777 2846 839 2917 luga
842 2883 1365 2901 ..............................
1389 2846 1441 2898 ΞΜ

379 2988 537 3042 eumue
554 3007 581 3044 v.
593 2988 756 3055 -Qualiter
768 2987 955 3061 hujuscemodi
967 2989 1106 3044 molimina
1119 3003 1258 3062 comperta
1268 2989 1370 3062 liquido

414 3079 531 3143 iuenmt,
548 3090 574 3130 et
587 3076 621 3130 de
635 3077 779 3149 gratiarum
793 3078 897 3132 actione
915 3091 940 3132 et
957 3078 1196 3151 supplicationibus
1211 3077 1247 3132 ad
1265 3082 1369 3144 Deum,

414 3186 465 3239 pro
483 3166 551 3220 duce
568 3166 602 3220 ab
618 3165 716 3222 eisdem
728 3180 902 3240 proservato,
921 3186 938 3222 a
956 3167 1068 3222 subditis
1081 3168 1134 3221 suis
1149 3169 1256 3240 publice
1273 3168 1372 3240 ubique

415 3255 489 3310 sactis
493 3293 1365 3312 .................................................
1390 3257 1442 3309 Ξὸο

379 3397 538 3451 Carra-utura
548 3415 586 3455 vr.
600 3394 768 3462 —Qualiter
782 3411 871 3448 comes
888 3391 922 3447 de
939 3396 1056 3448 Wam'cl
1069 3394 1098 3448 in
1112 3395 1235 3468 Angliam
1249 3394 1369 3468 appulit,

414 3486 589 3539 Hearicume
607 3502 711 3538 carcere
724 3483 753 3536 in
770 3501 859 3558 regem
872 3483 986 3537 restituit
991 3503 1000 3551 ς
1020 3497 1046 3538 et
1064 3483 1205 3540 Eduardus
1222 3503 1269 3538 rex
1287 3503 1370 3556 reguo

413 3575 523 3629 excessit
538 3587 564 3629 et
578 3574 605 3626 in
621 3571 790 3628 Hollandiam
805 3573 907 3646 trajecit
910 3611 1367 3631 ..........................
1389 3571 1441 3624 ΞΗ

379 3719 538 3774 commun
552 3735 599 3772 vn.
613 3746 649 3758 -
660 3716 817 3784 Quomodo,
830 3715 958 3772 Edoardo
969 3718 1061 3789 pulso,
1076 3717 1163 3771 statim
1175 3736 1222 3772 rex
1237 3715 1369 3791 oppidum

415 3805 636 3876 SauctiQuintini
653 3821 679 3861 et
694 3808 899 3862 Ambiauensem
917 3807 1049 3862 civitatem
1065 3807 1248 3864 fraudulenter
1260 3808 1370 3881 recepit.
1389 3807 1440 3859 w

380 3964 539 4019 Carnutum
551 3981 607 4018 vm.
620 3991 656 4003 —
669 3960 788 4028 Qualiter
801 3960 857 4015 dux
868 3959 1028 4033 Burgundia
1045 3961 1269 4024 AbbatiuVillam
1281 3961 1371 4015 mnni-

414 4053 468 4120 vit‚
480 4054 616 4107 matellam
626 4050 660 4105 de
669 4053 796 4125 Piquegny
807 4064 987 4124 expugnatum
998 4050 1117 4106 incendit
1130 4065 1155 4106 et
1165 4051 1311 4106 Ambianos
1324 4052 1371 4104 ob·

415 4143 482 4197 sedit
488 4179 1364 4200 .................................................
1387 4142 1437 4194 25¹

379 4289 538 4346 (muman
547 4307 585 4343 rx.
602 4319 633 4330 -
646 4286 765 4356 Qualiter
776 4285 927 4352 Mandu,
935 4304 982 4342 rex
992 4286 1149 4360 Anglorum,
1161 4305 1280 4342 reversus
1293 4297 1332 4340 est
1342 4283 1371 4338 iu
