3014 5010
295 425 334 482 48
569 421 826 519 fflsrorualtuu
845 420 1022 478 mnovml
1041 421 1086 482 xl

297 552 524 626 Eduardum¹
547 551 665 651 pulso,
691 553 728 624 in
756 552 912 625 Scotiam
938 550 1165 648 confugerat,
1188 549 1378 624 sublima·

295 671 432 742 tionem
449 683 484 741 et
505 669 776 768 provectionem
803 668 973 739 Ludoviei
997 669 1034 738 in
1058 692 1178 762 regern
1205 671 1378 738 Franco·

296 810 397 877 rum,
418 799 452 856 et
470 784 570 881 quod
590 809 702 880 regno
719 799 870 882 paterno
894 781 1041 882 pacifice
1066 783 1259 883 potiretur,
1287 807 1378 881 spe-

297 925 379 973 rans
396 902 477 997 jure
508 900 678 973 naturalis
703 901 981 999 propinquitatis
1008 915 1044 970 et
1069 899 1374 989 necessitudinis,

296 1016 343 1090 ab
364 1017 493 1090 eodem
510 1016 756 1089 subventionis
781 1016 903 1088 solatia
927 1015 1155 1103 adinvenire,
1174 1041 1217 1086 ex
1244 1016 1379 1087 Scotia

297 1132 334 1204 in
362 1135 547 1205 Franciam
573 1133 720 1230 trajecit.
749 1136 856 1204 Erant
873 1132 971 1204 enim
994 1146 1069 1202 tam
1089 1132 1165 1228 ejus
1184 1132 1237 1202 vir
1252 1155 1377 1228 quam

297 1247 373 1347 ipsa
389 1273 554 1348 peraeque
569 1247 777 1320 consobrini
796 1246 987 1341 Ludoviei,
1004 1252 1224 1320 Francorum
1246 1247 1372 1342 regis3

297 1388 382 1436 narn
406 1367 456 1438 uti
485 1366 687 1438 Ludovicus
711 1376 746 1436 et
776 1364 950 1435 Henrious
970 1377 1073 1436 erant
1098 1362 1161 1434 filii
1183 1362 1303 1434 fratris
1334 1378 1375 1434 et

296 1483 445 1575 sororis,
474 1483 524 1554 ita
543 1482 638 1553 idern
656 1479 859 1551 Ludovicus
875 1494 911 1551 et
923 1482 1135 1577 Margareta,
1152 1479 1274 1576 regina
1294 1483 1372 1550 An·

298 1595 386 1693 gliae,
406 1614 507 1672 erant
524 1597 587 1669 filii
603 1597 737 1669 sororis
752 1608 787 1667 et
808 1595 935 1668 fratris.
953 1596 1043 1669 Nam
1059 1619 1119 1667 rex
1140 1592 1281 1683 Siciliae,
1300 1595 1374 1664 Re·

298 1728 416 1804 natus,
440 1728 542 1813 pater
562 1728 639 1786 erat
659 1711 769 1810 ipsius
786 1712 936 1808 reginae,
956 1712 1064 1784 Maria
1078 1734 1182 1804 vero,
1201 1707 1371 1805 ejusdem

298 1832 422 1903 Renati
439 1857 555 1924 soror,
575 1830 745 1902 Ludoviei
768 1845 842 1902 erat
866 1844 1001 1922 mater3
1018 1844 1053 1903 et
1069 1830 1161 1901 sicut
1176 1827 1370 1900 Ludovico

296 1947 467 2037 Carolus,
487 1951 706 2019 Francorum
723 1971 806 2037 rex,
823 1948 964 2044 genitor
982 1948 1113 2038 luerat,
1138 1949 1185 2017 ita
1211 1960 1248 2018 et
1266 1949 1370 2018 Hen-

297 2062 391 2151 ricO,
409 2061 605 2161 Anglorum
619 2061 713 2157 regi,
732 2060 922 2135 Catharina
938 2078 1064 2151 mater,
1084 2087 1187 2135 soror
1200 2059 1368 2158 ejusdem

296 2177 426 2249 Caroli.

346 2291 404 2363 Ob
423 2291 488 2365 bas
505 2293 783 2394 propinquitatis
798 2295 1099 2383 necessitudines,
1117 2292 1282 2388 Carolus,
1298 2293 1369 2366 ad-

297 2409 370 2481 huc
388 2435 496 2506 agens
512 2412 548 2483 in
561 2411 748 2501 humanis,
768 2413 953 2485 miseratus
965 2426 1072 2486 tantae
1085 2424 1204 2484 ettam
1216 2412 1368 2509 propin·

296 2551 374 2623 quae
390 2552 462 2599 suae
477 2528 793 2625 consanguinitatis
813 2553 935 2601 casum
958 2528 1169 2616 adversum,
1191 2551 1300 2625 opem
1315 2527 1369 2599 eis

296 2640 409 2732 ferre,
429 2657 468 2714 ut
484 2645 521 2716 in
537 2669 688 2739 regnum
708 2644 992 2737 restituerentur,
1012 2668 1231 2742 magnopere
1253 2642 1366 2716 allec·

296 2757 414 2849 tabat,
435 2761 542 2832 totius
557 2762 658 2855 regni
676 2774 712 2832 et
728 2761 927 2832 amicorum
944 2759 1080 2832 viribus
1102 2759 1140 2832 id
1161 2758 1261 2830 brevi
1280 2782 1368 2856 pro·

295 2898 436 2972 ponens
463 2874 647 2973 perficere.
681 2876 790 2971 Cujus
808 2878 1073 2949 exsecutionem
1096 2900 1179 2948 cum
1202 2874 1367 2947 infaustae

295 3015 366 3062 suae
397 2992 523 3062 mortis
551 3008 833 3090 praeoccupasset
860 3006 1028 3084 eventus,
1067 2989 1260 3091 sperabant
1295 2991 1366 3088 ipsi

296 3133 408 3205 regno
429 3108 565 3180 exsules
581 3133 623 3179 ac
644 3109 786 3208 profugi
810 3109 1118 3200 benevolentim,
1135 3132 1244 3207 quam
1265 3104 1366 3205 apud

296 3239 435 3323 patrem
460 3225 696 3317 invenissent,
721 3227 829 3299 etiam
845 3227 942 3326 apud
965 3226 1079 3299 filium
1098 3226 1162 3323 (ut
1178 3249 1244 3324 par
1261 3223 1364 3319 erat)

297 3343 429 3413 servari
447 3357 483 3415 et
499 3344 702 3416 continuari
720 3342 900 3417 debuisse.

347 3460 438 3528 Cum
454 3471 574 3530 autem
599 3458 744 3530 adeum
763 3460 840 3558 ipsa
857 3461 980 3557 regina
996 3460 1195 3533 accessisset
1204 3461 1226 3553 ¹,
1245 3456 1365 3529 verbis

297 3571 444 3670 quidem
470 3586 505 3646 et
535 3572 790 3674 sponsionibus
811 3577 894 3648 satis
918 3573 1074 3672 benigne
1095 3590 1241 3673 excepta
1266 3572 1364 3646 vide-

341 3838 369 3892 l.
392 3822 530 3894 Edouard
544 3833 663 3895 d'Yorlr.

337 3924 368 3985 2.
391 3929 436 3983 Au
454 3924 526 3983 mois
543 3923 580 3983 de
604 3923 669 4000 juin
690 3926 779 3984 ttta.
806 3925 829 3983 ll
846 3945 864 4003 y
888 3945 904 3983 a
928 3945 968 3984 un
985 3925 1069 3983 traitc
1087 3923 1238 3983 d'alliance
1258 3919 1362 3980 conclu

297 4031 351 4090 prr
363 4012 419 4072 elle
434 4033 471 4072 au
485 4032 555 4071 nom
569 4011 606 4071 de
620 4011 711 4070 Henri
724 4015 773 4084 VI,
788 4032 859 4071 avec
874 4012 901 4072 le
916 4013 959 4071 roi
972 4011 1010 4072 de
1023 4015 1143 4085 Franco,
1155 4015 1171 4070 a
1183 4017 1288 4084 Tours,
1303 4012 1322 4068 a
1335 4010 1363 4069 la

296 4098 362 4160 date
378 4101 419 4161 du
438 4105 476 4160 ²8
498 4101 574 4179 juin.
597 4100 719 4180 langlet
741 4101 920 4180 Dulresnoy,
940 4106 1094 4163 Memor‘res
1112 4105 1151 4161 de
1167 4103 1304 4175 Philinpe
1326 4100 1363 4156 de

298 4191 465 4263 Commines,
481 4201 502 4249 t.
520 4194 561 4266 11,
574 4211 606 4270 p.
623 4192 693 4249 367.
950 4181 954 4190 ’
