3322 5172
572 541 682 609 unna
712 551 895 624 Quinrus.
1206 547 1264 608 aes

202 683 348 756 tulimus
365 682 471 756 luisse
492 684 662 756 comitem
674 683 938 776 Sancti-Pauli,
963 683 992 754 si
1014 705 1099 755 eum
1118 681 1185 755 sub
1202 707 1265 756 sua

203 822 312 872 manu
329 798 463 871 habere
478 814 611 898 posset.
639 805 731 874 Eum
745 799 842 872 enim
856 801 931 897 jam
947 798 1057 895 longo
1075 813 1157 870 ante
1174 813 1265 870 tem·

202 941 291 1017 pore
316 913 384 988 sibi
408 915 493 989 satis
520 929 725 1015 suspectum
758 931 865 1016 atque
892 941 1039 988 exosum
1066 912 1242 987 habuerat
1255 971 1264 1006 ,

203 1031 304 1130 quod
320 1057 396 1104 non
413 1032 480 1104 sibi
497 1057 540 1104 ex
555 1031 627 1104 fide
643 1033 859 1106 ministraret
872 1047 980 1130 atque
991 1031 1160 1124 serviret,
1180 1030 1263 1124 sed,

203 1147 301 1220 velut
323 1146 482 1247 perfidus
504 1149 776 1246 praevaricator,
802 1148 910 1220 etiam
936 1171 978 1220 ex
1003 1146 1142 1219 diversa
1166 1160 1266 1246 parte

203 1262 413 1336 consisteret
440 1276 475 1334 et
498 1277 624 1336 contra
649 1288 687 1336 se
714 1263 854 1336 occulte
883 1263 1037 1362 plurima
1064 1261 1262 1335 moliretur.

204 1383 292 1468 Quae
319 1378 404 1451 odia
431 1393 468 1451 et
496 1379 608 1453 malas
631 1380 677 1452 de
706 1405 744 1453 se
772 1381 996 1479 suspiciones
1024 1379 1120 1452 idem
1144 1405 1266 1453 comes

204 1519 279 1568 non
303 1495 492 1591 ignorans,
520 1510 556 1568 et
580 1496 627 1568 de
646 1521 714 1569 suo
737 1521 841 1593 rege,
870 1495 920 1567 ob
938 1510 1161 1594 patratorum
1184 1520 1204 1567 a
1230 1519 1268 1568 se

205 1595 485 1704 conscientiam,
506 1611 694 1703 diffidens,
714 1611 922 1720 multotiens
939 1635 961 1683 a
975 1637 1057 1711 rege
1073 1627 1242 1685 evocatus
1256 1668 1266 1705 ‚

205 1728 260 1800 sui
274 1728 497 1828 praesentiam
513 1727 647 1816 lacere,
664 1727 770 1800 variis
780 1751 864 1798 usus
879 1726 1189 1820 excusationibus,
1208 1726 1269 1798 de·

205 1858 394 1937 trectarat,
422 1868 563 1948 semper
588 1845 689 1940 juxta
719 1842 870 1915 limitem
894 1857 1069 1914 terrarum
1099 1841 1200 1915 ducis
1231 1867 1269 1917 se

205 1961 421 2053 continens,
442 1961 479 2032 in
498 1960 742 2033 munitissimis
759 1962 881 2034 castris
901 1986 980 2060 quae
1001 1956 1073 2032 illic
1097 1957 1266 2031 habebat.

205 2079 298 2149 Sane
320 2101 403 2148 cum
423 2101 486 2148 rex
503 2075 698 2174 aliquando
720 2093 894 2176 sperasset
915 2103 1000 2151 eum
1019 2076 1087 2148 sibi
1109 2076 1269 2148 reconci-

206 2192 292 2267 liare
314 2193 500 2291 fidumque
517 2193 586 2265 sibi
604 2190 766 2288 efficere,
786 2195 879 2267 inter
903 2219 966 2267 eos
989 2193 1089 2266 locus
1107 2207 1270 2292 accepta-

207 2325 264 2384 tus
273 2310 532 2409 condictusque
543 2313 685 2405 fuerat¹,
699 2311 746 2384 ad
755 2337 864 2410 quem
875 2327 1025 2410 uterquc
1034 2311 1267 2402 convenienS,

208 2429 300 2500 inter
322 2455 359 2502 se
383 2453 490 2527 super
515 2428 741 2501 concilianda
757 2428 911 2500 amicitia
936 2428 1158 2525 sinistrisque
1186 2427 1271 2500 abo·

208 2533 323 2617 lendis
339 2545 604 2645 suspicionibus
629 2543 806 2618 haberent
827 2544 1079 2642 colloquium’.
1100 2543 1170 2614 Sed
1196 2568 1271 2616 non

209 2660 294 2734 alias
309 2662 345 2734 id
363 2662 438 2760 regi
464 2686 624 2735 annuere
646 2662 742 2735 idem
765 2687 886 2734 comes
905 2661 1036 2751 voluit,
1059 2661 1127 2732 nisi
1144 2674 1180 2733 et
1196 2661 1271 2761 ipse

209 2777 255 2849 ad
271 2775 415 2870 locum,
432 2803 536 2876 aequo
550 2803 634 2851 cum
652 2804 734 2876 rege
750 2779 905 2851 militum
921 2803 1074 2850 numero
1097 2779 1269 2876 stipatus,

209 2895 332 2967 venire
365 2909 512 2995 posset,
550 2909 586 2968 et
618 2896 789 2995 repagula
817 2921 882 2968 seu
909 2894 1024 2966 barrae
1053 2895 1274 2970 intermediae

209 3015 334 3114 positae
353 3015 492 3104 forent,
519 3041 622 3113 quae,
648 3041 693 3088 ne
709 3015 795 3087 hinc
817 3015 902 3088 inde
924 3029 1052 3088 contra
1077 3039 1115 3087 sc
1140 3015 1274 3089 insilire

210 3146 375 3230 possent,
395 3132 641 3231 prohiberent.
669 3135 735 3206 Cui
761 3133 883 3206 lormae
906 3147 941 3204 et
964 3131 1185 3227 conditioni,
1209 3133 1273 3206 ha·

123 3289 128 3300 ·
210 3247 339 3322 bendae
364 3272 448 3322 cum
468 3250 599 3323 eodem
619 3273 686 3324 suo
710 3251 835 3350 utique
862 3249 1009 3323 subdito
1036 3273 1078 3321 ac
1103 3249 1275 3322 servitore

211 3365 481 3462 collocutionis,
500 3392 585 3439 cum
599 3393 661 3440 rex
678 3369 929 3460 consensisset,
945 3367 1030 3442 alias
1047 3365 1195 3440 minime
1210 3366 1276 3440 ha-

212 3479 297 3554 bere
310 3482 433 3555 valeus
445 3506 511 3582 pro
526 3499 612 3556 tunc
624 3509 707 3557 cum
723 3485 800 3583 ipso
812 3482 1045 3582 colloquendi
1057 3482 1273 3576 facultatem,

213 3599 282 3673 alte
296 3614 416 3672 tamen
431 3599 641 3698 hujusmodi
655 3601 823 3699 injuriam
836 3601 910 3672 suis
926 3599 1042 3674 infixit
1056 3603 1273 3699 praecordiis.

255 3879 284 3937 t.
306 3879 347 3938 Le
360 3897 428 3938 nom
442 3877 478 3938 de
493 3889 538 3937 cet
551 3875 666 3938 endroit
678 3889 721 3937 est
734 3875 810 3935 reste
824 3895 861 3934 en
874 3875 959 3936 blanc
970 3876 1043 3937 dans
1055 3877 1097 3938 les
1108 3877 1277 3938 manuscrits

214 3977 244 4027 et
265 3966 388 4028 editions
409 3968 445 4027 de
462 3968 490 4027 la
509 3967 677 4046 chronique
691 3965 887 4028 scandaleuse.
913 3970 953 4028 Ge
968 3967 1031 4028 doit
1050 3971 1111 4028 erre
1128 3969 1225 4046 Ognes
1239 3986 1279 4026 ou

213 4054 392 4132 Abbecourt,
417 4057 531 4138 d'aprts
553 4057 729 4133 Commines,
746 4055 798 4135 qni
819 4055 848 4116 le
865 4057 947 4136 place
967 4082 982 4112 ι
1006 4060 1022 4116 t
1041 4057 1112 4116 trois
1128 4054 1219 4116 lienes
1241 4054 1278 4115 de

214 4149 332 4226 Noyon,
345 4150 431 4210 tirant
453 4150 659 4222 vestanen,
675 4169 725 4209 sur
742 4167 799 4208 une
813 4149 904 4230 petite
922 4147 1031 4209 riviere
1043 4148 1087 4224 (le
1101 4167 1137 4206 ru
1152 4145 1189 4206 de
1203 4148 1278 4208 Cau·

216 4243 354 4386 ¹¹¹⁰?th
371 4327 444 4387 avril
459 4330 549 4390 ΗΝ.
