3282 5168
361 492 418 548 ΒΗ
632 485 887 545 mstomaltott
905 475 1085 545 Luoovlct
1102 489 1145 544 XI

360 644 531 722 germano
549 617 709 717 ejusdem
725 593 865 692 domini
876 619 1132 710 Treverensis¹,
1151 617 1296 689 advenit
1310 641 1420 714 eques

271 733 275 736 ’
361 734 657 834 Burgundionum
670 735 758 826 dux,
779 749 950 828 armatus,
963 734 1117 833 plurima
1131 734 1217 806 item
1228 757 1422 834 procerum

360 867 395 925 et
412 851 588 924 nobilium
602 851 956 947 domesticorumque
972 874 1122 921 suorum
1135 849 1242 922 turba
1256 839 1417 919 vallatus.

361 970 536 1056 Quicum
559 993 625 1041 suo
651 965 822 1041 comitatu
848 989 931 1038 cum
951 963 1106 1062 plateam
1130 964 1271 1040 bisant
1301 977 1354 1034 ter
1383 963 1420 1034 in

359 1083 494 1157 circum
513 1084 752 1183 adequitasset
770 1079 885 1180 (quod
900 1081 938 1151 in
970 1079 1099 1152 talibus
1124 1079 1421 1153 solemnibusin-

361 1201 537 1274 vestituris
570 1200 681 1274 moris
704 1223 779 1272 esse
805 1196 986 1294 aiebant),
1007 1196 1229 1271 descendens
1254 1196 1300 1269 de
1327 1201 1423 1297 equo

361 1330 396 1390 et
417 1340 482 1415 per
508 1318 639 1414 gradus
663 1315 880 1406 ascendens,
908 1329 991 1386 ante
1010 1328 1242 1413 conspectum
1260 1318 1424 1388 Caesareae

360 1430 543 1529 dignitatis
572 1433 618 1506 ad
640 1456 757 1530 genua
779 1457 816 1505 se
839 1429 1040 1530 provolvit,
1063 1429 1199 1502 habens
1219 1431 1333 1527 juxte,
1361 1433 1425 1530 qui

299 1551 300 1556 ’
361 1547 488 1621 vexilla
501 1573 576 1641 sua,
597 1549 781 1647 inquibus
797 1571 896 1621 arma
912 1547 1065 1620 Geldriae
1081 1546 1301 1644 aliarumque
1314 1563 1425 1621 terra·

363 1691 444 1739 rum
463 1681 497 1738 et
514 1651 761 1738 dominiorum
778 1684 927 1736 suorum
949 1663 1045 1760 picta
1064 1677 1178 1753 erant,
1203 1663 1240 1733 in
1259 1662 1426 1736 manibus

362 1796 570 1858 tenuerunt.
585 1775 631 1852 ⁴Et
643 1796 729 1853 tunc
746 1781 790 1853 ad
805 1803 921 1877 genua
932 1779 1137 1869 advolutus,
1151 1779 1303 1852 hominii
1319 1794 1427 1879 atque

364 1897 542 1972 fidelitatis
556 1915 819 1972 sacramentum
843 1897 1066 1986 submissius,
1085 1921 1195 1995 quam
1212 1897 1260 1970 ab
1276 1898 1345 1988 his,
1364 1899 1427 1997 qui

362 2015 548 2116 paululum
562 2015 751 2087 distantius
767 2013 967 2106 adstabant,
986 2014 1101 2086 audiri
1117 2013 1309 2112 potuisset,
1330 2040 1428 2113 prae-

362 2131 463 2222 stitit,
481 2143 588 2228 atque
611 2129 657 2201 de
673 2128 770 2202 dicto
787 2130 920 2204 ducatu
936 2129 1088 2208 Geldriae
1101 2130 1299 2204 solemnem
1314 2131 1431 2205 iuves·

365 2247 512 2319 tituram
527 2247 677 2346 accepit.

412 2367 494 2452 Quo
509 2363 621 2454 sacto,
642 2363 839 2461 imperator
858 2387 940 2434 curn
963 2365 1036 2436 suis
1053 2364 1202 2437 decessit
1219 2389 1242 2438 a
1257 2366 1429 2465 predicto

366 2480 459 2552 duce
477 2478 787 2576 Burgundionum,
817 2478 958 2577 suisque
977 2479 1022 2552 ad
1045 2480 1218 2578 palatium
1235 2507 1341 2554 suum
1360 2481 1431 2556 ho·

370 2595 518 2668 norifice
534 2598 691 2673 sociatus
710 2591 854 2694 [rediit].

732 2957 988 3030 CAPITULUM
1013 2963 1071 3030 lX.

367 3162 522 3230 Quomodo,
536 3183 596 3218 cum
608 3177 703 3218 cuncte
716 3180 860 3238 praeparata
872 3169 982 3222 fuissent
995 3169 1030 3224 ad
1043 3157 1241 3227 sublimandum
1254 3172 1349 3229 ducem
1363 3177 1430 3230 Bur·

402 3243 509 3316 gundiae
521 3245 550 3297 in
564 3263 666 3316 regem,
685 3245 773 3299 suhito
788 3248 943 3319 imperator,
960 3269 989 3304 re
1004 3252 1115 3319 inlecta,
1131 3271 1187 3308 non
1201 3253 1332 3309 valedicto
1344 3255 1429 3311 eidem

402 3323 475 3392 duci,
488 3345 520 3382 ex
531 3325 642 3380 Treveri
654 3324 790 3381 descendit
803 3326 838 3381 ud
849 3328 973 3383 Rhenum
983 3331 1005 3383 ².

415 3538 521 3608 Facta
547 3550 666 3608 autem
685 3535 852 3635 praedicta
870 3538 1023 3613 solemni
1048 3543 1267 3637 investitura,
1294 3569 1337 3621 ea
1354 3571 1429 3620 non

369 3664 559 3724 contentus
586 3652 683 3725 idem
699 3678 814 3726 novus
843 3656 995 3729 Geldriae
1017 3658 1103 3754 dux,
1125 3663 1162 3732 in
1185 3640 1305 3759 regem
1322 3665 1431 3738 etiam

368 3766 664 3865 Burgundionum
684 3783 722 3841 ut
738 3769 1003 3864 sublimaretur,
1023 3765 1222 3876 et'regnum
1238 3775 1326 3849 illud
1341 3781 1431 3860 anti-

366 3911 480 3984 quum
500 3884 724 3981 Burgundiae,
744 3912 808 3986 per
826 3889 954 3962 multas
968 3891 1174 3992 principum
1188 3897 1431 3971 successiones

406 4115 434 4169 l.
458 4105 605 4190 L'erdque
619 4110 657 4172 de
671 4116 745 4172 Mete
758 4112 826 4172 erait
841 4115 918 4178 alors
938 4119 1068 4202 Georges
1083 4121 1119 4182 de
1133 4123 1222 4184 Bade.

407 4203 434 4260 2.
453 4203 587 4282 Chapitre
600 4205 734 4281 imprime
745 4203 816 4264 dans
830 4205 1037 4284 l'AmpItssr'ma
1046 4215 1179 4286 collectio,
1195 4227 1215 4272 t.
1228 4217 1278 4285 tv,
1289 4214 1345 4274 col.
1360 4219 1429 4279 780.
