3402 5186
664 533 774 590 um
791 533 941 592 PRIMUS.
1313 537 1331 590 9

266 663 435 763 'ejusdem
452 665 719 762 assumptionis,
737 665 774 735 in
793 664 940 736 ecclesia
954 664 1105 760 majori,
1125 678 1208 738 ante
1222 665 1333 742 altare

274 781 401 878 majus,
417 805 483 879 per
497 781 648 852 civitatis
672 779 834 878 ejusdem
854 780 1165 880 archiepiscopum
1181 783 1204 870 ¹,
1222 783 1333 882 pluri·

275 895 343 969 bus
358 894 577 994 principibus
592 909 627 967 et
642 894 811 988 dominis,
832 878 987 968 marinis
1004 895 1051 968 de
1072 895 1174 967 terris
1189 912 1225 968 et
1241 897 1335 969 ami-

274 1015 357 1086 citia
372 1013 475 1085 ducis
490 1011 812 1108 Burgundionum,
842 1013 1035 1110 multisque
1052 1013 1160 1083 etiarn
1181 1014 1333 1110 prelatis

275 1130 375 1226 regni
399 1128 634 1227 praesenribus
658 1141 766 1226 atque
792 1129 1056 1218 assistentibus,
1083 1129 1119 1199 in
1144 1154 1262 1226 regem
1286 1129 1333 1200 de

276 1269 376 1316 more
401 1244 530 1315 exstitit
552 1245 722 1316 inunctus
741 1258 777 1316 et
799 1259 969 1317 sacratus.
998 1249 1161 1340 Cumque
1185 1245 1333 1317 sollicite

275 1359 402 1433 clausae
414 1358 657 1458 obseratasque
681 1358 841 1457 ejusdem
867 1359 1022 1432 ecclesiae
1047 1359 1141 1430 sores
1168 1373 1203 1431 et
1217 1360 1334 1432 aditus

276 1476 418 1571 singuli,
436 1475 599 1548 custodia
615 1474 789 1564 adbibita,
808 1475 938 1546 muniti
953 1475 1117 1562 luissent,
1132 1501 1195 1566 ne,
1215 1477 1333 1548 nimiae

276 1589 493 1662 multitudini
508 1590 670 1687 ingressu
684 1589 868 1689 permisso,
887 1588 1106 1689 populorum
1120 1591 1333 1688 constipatio

275 1705 522 1778 inordinabilis
545 1719 581 1776 et
606 1705 712 1778 valde
734 1705 936 1804 periculosa
960 1707 1166 1802 contingere
1192 1720 1330 1803 posset,

276 1836 312 1892 et
329 1845 394 1919 per
404 1819 476 1892 hoc
492 1844 663 1894 numerus
678 1821 882 1909 hominum,
898 1821 961 1918 qui
971 1820 1162 1892 intromissi
1179 1819 1330 1912 lucrant,

276 1937 359 2008 satis
384 1936 590 2008 moderatus
611 1936 725 2028 soret,
757 1952 793 2008 et
817 1962 924 2035 quem
957 1937 1118 2035 prolecto
1146 1937 1247 2009 tertia
1276 1939 1334 2011 vel

276 2047 504 2152 quarta'pars
528 2053 630 2125 cbori
650 2055 734 2126 satis
756 2053 867 2126 libere
887 2077 1015 2152 capere
1032 2067 1190 2151 poterat,
1213 2067 1332 2126 tamen

275 2193 390 2268 prope
405 2169 515 2240 altare
526 2170 654 2266 majus,
674 2170 735 2242 ubi
749 2193 848 2242 sacra
858 2168 1002 2256 fiebant,
1016 2171 1333 2269 tantaconstipatio

275 2310 317 2356 ex
335 2283 544 2356 militaribus
559 2298 596 2356 et
611 2285 688 2357 aliis
704 2285 768 2383 qui
784 2283 853 2357 illic
870 2283 1034 2377 aderant,
1052 2299 1087 2356 et
1103 2285 1333 2357 tam'inordi·

275 2413 357 2471 nata
376 2401 596 2499 compressio
621 2399 707 2486 luit,
736 2413 776 2471 ut
801 2400 860 2470 vix
879 2398 1056 2497 proelatis,
1084 2400 1147 2497 qui
1169 2402 1334 2474 Remensi

275 2516 545 2616 archiepiscopo
562 2517 600 2586 in
618 2504 725 2587 ¹sucro
743 2513 863 2588 ollicio
880 2514 1167 2613 cooperabantur
1182 2541 1245 2588 seu
1258 2519 1332 2589 xrni-
1375 2560 1385 2586 .

181 2682 188 2696 .
276 2629 472 2703 nistrabant
498 2632 554 2704 vel
583 2630 807 2714 assistebant,
838 2630 940 2703 locus
964 2630 1002 2700 in
1028 2655 1102 2728 quo
1126 2657 1164 2704 sc
1189 2657 1334 2706 movere

274 2760 420 2845 possent
441 2747 713 2844 relinqueretur.
737 2745 806 2818 Sed
831 2770 897 2818 nec
912 2745 1134 2845 principibus
1148 2748 1235 2847 ipsis
1251 2775 1334 2848 prae·

274 2861 424 2960 latisque
437 2863 528 2955 aliis,
545 2864 606 2960 qui
624 2861 694 2934 illic
712 2887 825 2961 prope
841 2861 1028 2936 adstabant
1051 2877 1086 2933 et
1102 2862 1233 2960 quibus
1248 2890 1333 2965 pro·

274 2978 360 3076 priae
377 2978 478 3050 sedes
492 2979 633 3050 lucrant
642 2976 833 3077 dispositae,
847 2978 1026 3079 parcitum
1042 2978 1120 3069 fuit,
1134 2979 1220 3076 quin
1232 2979 1333 3053 multi
1402 2996 1409 3012 ·

276 3096 428 3192 graviter
444 3108 479 3167 et
495 3094 678 3166 molestea
694 3093 808 3166 turbis
830 3096 1036 3167 militarium
1058 3108 1093 3167 et
1110 3095 1262 3169 aliorum
1278 3098 1332 3169 in·

276 3210 367 3284 fimae
382 3211 488 3284 sortis
504 3225 764 3308 premerentur.

323 3331 516 3425 Postquam
532 3341 652 3399 autem
670 3341 786 3399 totum
799 3327 1076 3399 consecrationis
1091 3325 1249 3398 ollicium
1271 3326 1333 3400 ab·

276 3443 434 3515 solutum
444 3442 523 3533 fuit,
536 3441 639 3514 multi
648 3442 824 3514 nobilium
836 3442 882 3514 de
892 3442 1146 3540 diversisregni
1157 3445 1332 3540 partibus,

158 3599 159 3604 =
276 3559 334 3631 alii
347 3583 469 3632 coram
487 3584 581 3656 rege,
598 3558 788 3631 aliicoram
803 3557 1211 3656 duceBurgundionum,
1227 3585 1334 3658 supra

276 3699 393 3773 genua
409 3674 699 3776 procumbentes,
720 3699 795 3746 sese
811 3689 1129 3772 repraesentaruot‚
1148 3690 1188 3746 ut
1205 3675 1335 3746 militire

275 3790 451 3865 honorem
476 3791 698 3889 gradumque
722 3804 994 3886 assequerentur
1017 3793 1040 3861 ¹.
1068 3794 1170 3878 Quos
1201 3804 1332 3863 attactu
1379 3882 1385 3895 ἱ

276 3909 344 3982 levi
368 3908 476 4006 gladii
503 3908 548 3979 ad
579 3906 712 3980 collum
742 3905 870 3976 milites
899 3905 1086 4001 creabant3
1114 3907 1174 4002 qui
1195 3931 1334 4010 *magno
1387 3911 1394 3927 '

317 4117 346 4174 t.
369 4117 441 4173 Jean
454 4109 595 4172 Jonrenel
611 4108 662 4168 des
675 4107 789 4170 Ursins.

317 4204 349 4266 2.
370 4199 533 4263 Chastelain
558 4212 587 4259 et
611 4203 733 4278 lacques
757 4197 900 4280 Duclercq
923 4172 1074 4262 nomnlent
1098 4203 1140 4263 les
1164 4200 1335 4282 principatu

279 4291 439 4351 chevaliers
451 4289 532 4350 crees
545 4307 583 4348 au
596 4306 676 4348 sacre
691 4287 727 4346 de
743 4285 831 4346 Iouis
844 4291 899 4348 xl.
