3282 5168
338 593 397 649 28AE
610 585 864 648 fllstonlanuu
883 581 1061 641 LUDOVICI
1080 581 1123 637 x1

339 724 416 796 sine
436 723 588 796 arctiore
610 716 809 792 custodia
801 741 837 787 m
864 713 1010 814 publico
1037 712 1197 811 hospitio
1226 710 1393 808 degeret,

339 862 403 938 per
420 837 545 933 lugam
572 835 665 908 clam
690 833 902 905 destinatam
927 844 1028 901 tanto
1058 826 1218 926 periculo
1246 851 1312 898 suo
1332 825 1396 897 ob-

338 953 431 1024 viam
460 953 574 1040 venit;
602 974 710 1047 seque
732 963 805 1019 tam
829 937 956 1045 p'rocul
978 944 1178 1040 elongavit,
1203 942 1321 1014 donec
1347 940 1394 1011 ad

339 1095 444 1144 suum
460 1085 621 1141 montem
635 1091 749 1162 usque
766 1064 980 1164 perveniret,
1000 1061 1089 1132 inira
1108 1060 1264 1158 Pyrenaei
1281 1057 1395 1130 olaus-

339 1199 394 1257 tra
410 1200 516 1282 atque
536 1183 621 1280 juga
637 1183 761 1266 situm,
784 1178 846 1276 qui
872 1202 977 1250 mons
994 1173 1109 1247 Aurae¹
1128 1175 1237 1271 vulgo
1254 1197 1395 1245 nuncu·

339 1315 457 1401 patur,
479 1300 517 1369 in
540 1294 742 1369 confinibus
760 1295 959 1389 tragoniae,
986 1293 1022 1364 in
1046 1315 1119 1388 quo
1144 1289 1280 1386 aliquas
1296 1311 1395 1359 arces

335 1409 557 1486 'firmissimas
581 1426 616 1484 et
633 1435 731 1510 paene
753 1407 1011 1481 inaccessibiles
1033 1406 1167 1479 habere
1192 1404 1235 1476 let
1237 1403 1392 1494 ebatur,

340 1529 482 1627 illicque
504 1529 662 1618 delituit,
681 1527 835 1598 nudatus
855 1524 1024 1596 omnibus
1047 1525 1148 1594 terris
1165 1523 1237 1594 suis
1258 1520 1353 1606 aliis,
1373 1543 1395 1591 a

340 1671 423 1741 rege
441 1646 637 1746 occupatis,
652 1658 687 1717 et
703 1642 823 1716 velut
814 1666 850 1713 ιιι
863 1655 941 1713 tuto
953 1639 1051 1737 asylo
1065 1663 1103 1711 se
1117 1637 1189 1710 illio
1201 1635 1392 1724 continuit,

341 1787 454 1860 usque
472 1761 519 1836 ad
532 1761 648 1834 Caroli
664 1761 755 1857 regis
770 1759 922 1830 obitum.

680 2133 934 2202 CAPITULUM
963 2133 1055 2200 xvl.

339 2349 484 2416 Quomodo
498 2347 569 2402 idem
582 2365 670 2402 eomes
683 2346 836 2415 Arminiaci,
850 2367 866 2401 ιι
880 2365 941 2419 rege
957 2348 1098 2410 exsulatus,
1112 2365 1160 2419 per
1177 2344 1273 2399 ducem
1287 2345 1397 2416 Aquita-

375 2432 426 2484 nia
443 2429 478 2484 ad
498 2431 609 2521 propria
626 2429 677 2482 luit
689 2429 838 2496 nstitutus,
857 2443 882 2483 et
900 2428 934 2482 de
951 2426 1072 2499 ejusdem
1090 2426 1237 2498 Aquitani·
1254 2423 1330 2481 duob
1348 2443 1398 2497 per

373 2528 506 2564 venenum
519 2522 699 2565 exstinctione.

389 2699 623 2772 Postmodum
639 2713 773 2793 autem,
792 2722 875 2770 curn
890 2695 1031 2770 obiisset
1045 2695 1195 2769 Carolus
1210 2721 1272 2769 rex
1289 2695 1398 2769 lelieis

341 2815 621 2906 recordationis,
641 2815 860 2900 Ludovious,
889 2814 990 2910 cujus
1013 2828 1109 2910 gesta
1134 2813 1395 2912 prosequimur,

341 2931 474 3027 pariter
492 2955 534 3003 ac
549 2930 633 3003 duci
653 2929 836 3002 alenconii
856 2929 933 3026 (qui
949 2954 971 3002 a
986 2944 1088 3029 patre
1104 2955 1170 3002 suo
1187 2930 1294 3002 etiarn
1311 2953 1398 3000 con·

341 3043 529 3117 damnatus
552 3061 604 3140 et,
632 3044 715 3116 data
744 3043 1021 3116 misericorditer
1045 3045 1135 3135 vita,
1160 3045 1295 3116 carceri
1317 3067 1398 3144 per-

341 3177 450 3260 petuo
476 3163 639 3236 addictus
662 3163 797 3258 fuerat)
816 3163 965 3258 gratiam
982 3178 1017 3235 et
1032 3163 1223 3236 criminum
1241 3164 1398 3262 praeteri-

341 3291 460 3349 torum
478 3278 709 3381 abolitionem
728 3278 923 3376 plenariam
947 3278 1015 3352 sibi
1037 3279 1231 3368 concessit,
1250 3278 1397 3351 eumad

342 3405 452 3464 terras
470 3418 551 3466 suas
568 3407 673 3492 atque
690 3391 851 3464 dominia
865 3395 1080 3466 restituens'.
1100 3398 1212 3466 Porro
1229 3395 1315 3466 tanti
1334 3393 1398 3467 be-

342 3505 459 3578 neficii
486 3509 662 3607 ingratus,
687 3531 771 3578 cum
802 3509 911 3579 etiam
943 3533 1025 3581 oum
1044 3511 1177 3581 caeteris
1202 3509 1399 3582 Galliarum

342 3621 562 3722 principibus
596 3624 633 3694 in
673 3647 756 3722 eum
785 3623 1017 3723 postmodum
1043 3625 1261 3723 conjurasset
1293 3642 1399 3723 atque

383 3871 412 3928 l.
435 3871 474 3926 La
488 3877 644 3946 montagne
660 3865 786 3946 d’Aure,
803 3883 842 3927 an
861 3868 930 3928 fond
950 3868 987 3928 de
1000 3868 1028 3929 la
1041 3869 1135 3930 vallio
1149 3870 1189 3931 du
1204 3875 1297 3932 meme
1317 3893 1398 3946 nom,

342 3973 423 4019 entre
439 3958 584 4018 Gavarnie
598 3971 627 4017 et
645 3958 673 4016 le
693 3971 759 4038 port
776 3958 814 4018 de
828 3963 979 4039 Venasque
999 3961 1196 4036 (aujourd’hui
1214 3961 1285 4022 dans
1304 3963 1331 4023 le
1344 3963 1400 4023 de-

254 4103 257 4112 .
341 4061 503 4128 partement
523 4047 574 4107 des
593 4047 879 4126 flantes-Pyrinies).
896 4053 937 4108 Le
951 4061 1045 4108 comte
1058 4053 1108 4129 n’y
1127 4070 1211 4130 passa
1226 4070 1277 4130 pas
1297 4063 1359 4110 tout
1374 4053 1401 4111 le

341 4153 435 4219 temps
448 4139 549 4198 deson
564 4137 691 4217 premier
705 4139 773 4199 exil.
790 4137 813 4196 1l
828 4157 859 4197 se
874 4138 928 4197 tint
940 4137 1063 4198 d’abord
1076 4141 1092 4198 a
1106 4140 1196 4200 Ainsa
1208 4139 1245 4201 de
1255 4139 1400 4204 Sobrarbe

342 4247 380 4288 en
393 4233 521 4310 Aragop.
535 4227 644 4304 corita,
659 4227 766 4284 Artales
779 4228 816 4283 de
829 4231 952 4305 Aragon,
968 4227 990 4290 l.
1005 4231 1085 4304 XVI,
1096 4247 1122 4288 c.
1138 4249 1218 4290 urm.

383 4321 413 4378 ἲ.
436 4322 560 4382 ὒοωαε
572 4333 615 4380 est
626 4319 691 4379 dati
705 4319 745 4378 du
760 4321 793 4378 ll
812 4319 929 4380 octobre
941 4322 1031 4380 rtet.
