<?xml version="1.0" encoding="UTF-8"?>
<!DOCTYPE html PUBLIC "-//W3C//DTD XHTML 1.0 Transitional//EN"
    "http://www.w3.org/TR/xhtml1/DTD/xhtml1-transitional.dtd">
<html xmlns="http://www.w3.org/1999/xhtml" xml:lang="en" lang="en">
 <head>
  <title>
</title>
<meta http-equiv="Content-Type" content="text/html;charset=utf-8" />
  <meta name='ocr-system' content='tesseract 3.04.00' />
  <meta name='ocr-capabilities' content='ocr_page ocr_carea ocr_par ocr_line ocrx_word'/>
</head>
<body>
  <div class='ocr_page' id='page_1' title='image "./histoiredesrgne02amelgoog_0577.png"; bbox 0 0 3322 5172; ppageno 0'>
   <div class='ocr_carea' id='block_1_1' title="bbox 355 549 1141 611">
    <p class='ocr_par' dir='ltr' id='par_1_1' title="bbox 355 549 1141 611">
     <span class='ocr_line' id='line_1_1' title="bbox 355 549 1141 611; baseline -0.006 0"><span class='ocrx_word' id='word_1_1' title='bbox 355 555 413 611; x_wconf 64' lang='grc' dir='ltr'><strong>ΑΜ</strong></span> <span class='ocrx_word' id='word_1_2' title='bbox 624 551 882 611; x_wconf 74' lang='lat' dir='ltr'><strong>utstotultttttt</strong></span> <span class='ocrx_word' id='word_1_3' title='bbox 902 549 1078 607; x_wconf 89' lang='lat' dir='ltr'>LUDOVICI</span> <span class='ocrx_word' id='word_1_4' title='bbox 1098 549 1141 606; x_wconf 85' lang='lat' dir='ltr'><strong>XI</strong></span> 
     </span>
    </p>
   </div>
   <div class='ocr_carea' id='block_1_2' title="bbox 537 825 1230 1094">
    <p class='ocr_par' dir='ltr' id='par_1_2' title="bbox 537 825 1230 1094">
     <span class='ocr_line' id='line_1_2' title="bbox 704 825 1061 897; baseline -0.011 0"><span class='ocrx_word' id='word_1_5' title='bbox 704 825 958 897; x_wconf 80' lang='lat' dir='ltr'>CAPITULUM</span> <span class='ocrx_word' id='word_1_6' title='bbox 987 827 1061 894; x_wconf 88' lang='lat' dir='ltr'><strong>XV.</strong></span> 
     </span>
     <span class='ocr_line' id='line_1_3' title="bbox 537 963 1230 1094; baseline 0.006 -18"><span class='ocrx_word' id='word_1_7' title='bbox 537 963 1230 1094; x_wconf 64' lang='lat' dir='ltr'><strong>omnmoenusvtmorotus,emungamus.</strong></span> 
     </span>
    </p>
   </div>
   <div class='ocr_carea' id='block_1_3' title="bbox 405 1201 1412 1301">
    <p class='ocr_par' dir='ltr' id='par_1_3' title="bbox 405 1201 1412 1301">
     <span class='ocr_line' id='line_1_4' title="bbox 405 1201 1412 1301; baseline 0.004 -31"><span class='ocrx_word' id='word_1_8' title='bbox 405 1202 509 1272; x_wconf 87' lang='lat' dir='ltr'><strong>lnitio</strong></span> <span class='ocrx_word' id='word_1_9' title='bbox 529 1217 647 1274; x_wconf 91' lang='lat' dir='ltr'><strong>autem</strong></span> <span class='ocrx_word' id='word_1_10' title='bbox 669 1227 741 1300; x_wconf 95' lang='lat' dir='ltr'><strong>quo</strong></span> <span class='ocrx_word' id='word_1_11' title='bbox 762 1204 936 1301; x_wconf 88' lang='lat' dir='ltr'><strong>imperare</strong></span> <span class='ocrx_word' id='word_1_12' title='bbox 956 1202 1082 1299; x_wconf 86' lang='lat' dir='ltr'><strong>coepit,</strong></span> <span class='ocrx_word' id='word_1_13' title='bbox 1105 1216 1205 1300; x_wconf 91' lang='lat' dir='ltr'><strong>patre</strong></span> <span class='ocrx_word' id='word_1_14' title='bbox 1222 1201 1412 1288; x_wconf 68' lang='lat' dir='ltr'><strong>defuncto,</strong></span> 
     </span>
    </p>
   </div>
   <div class='ocr_carea' id='block_1_4' title="bbox 243 1312 1413 1417">
    <p class='ocr_par' dir='ltr' id='par_1_4' title="bbox 243 1312 1413 1417">
     <span class='ocr_line' id='line_1_5' title="bbox 243 1312 1413 1417; baseline 0 -30"><span class='ocrx_word' id='word_1_15' title='bbox 243 1343 246 1348; x_wconf 91' lang='lat'>·</span> <span class='ocrx_word' id='word_1_16' title='bbox 357 1315 559 1387; x_wconf 86' lang='lat' dir='ltr'><strong>inodestum</strong></span> <span class='ocrx_word' id='word_1_17' title='bbox 585 1342 622 1388; x_wconf 90' lang='lat' dir='ltr'><strong>se</strong></span> <span class='ocrx_word' id='word_1_18' title='bbox 650 1318 734 1416; x_wconf 86' lang='lat' dir='ltr'><strong>satis</strong></span> <span class='ocrx_word' id='word_1_19' title='bbox 764 1332 800 1389; x_wconf 90' lang='lat' dir='ltr'><strong>et</strong></span> <span class='ocrx_word' id='word_1_20' title='bbox 832 1312 1034 1417; x_wconf 88' lang='lat' dir='ltr'><strong>principatu</strong></span> <span class='ocrx_word' id='word_1_21' title='bbox 1062 1316 1209 1414; x_wconf 83' lang='lat' dir='ltr'><strong>dignum</strong></span> <span class='ocrx_word' id='word_1_22' title='bbox 1243 1316 1413 1389; x_wconf 84' lang='lat' dir='ltr'><strong>ostendit.</strong></span> 
     </span>
    </p>
   </div>
   <div class='ocr_carea' id='block_1_5' title="bbox 264 1430 1447 4194">
    <p class='ocr_par' dir='ltr' id='par_1_5' title="bbox 264 1430 1420 2544">
     <span class='ocr_line' id='line_1_6' title="bbox 357 1430 1417 1531; baseline -0.001 -29"><span class='ocrx_word' id='word_1_23' title='bbox 357 1433 566 1528; x_wconf 88' lang='lat' dir='ltr'><strong>Priusquam</strong></span> <span class='ocrx_word' id='word_1_24' title='bbox 582 1432 697 1522; x_wconf 87' lang='lat' dir='ltr'><strong>enim,</strong></span> <span class='ocrx_word' id='word_1_25' title='bbox 716 1447 823 1531; x_wconf 92' lang='lat' dir='ltr'><strong>rupto</strong></span> <span class='ocrx_word' id='word_1_26' title='bbox 841 1432 989 1526; x_wconf 67' lang='lat' dir='ltr'><strong>studere,</strong></span> <span class='ocrx_word' id='word_1_27' title='bbox 1008 1457 1070 1505; x_wconf 84' lang='lat' dir='ltr'><strong>rex</strong></span> <span class='ocrx_word' id='word_1_28' title='bbox 1085 1431 1153 1503; x_wconf 93' lang='lat' dir='ltr'><strong>sibi</strong></span> <span class='ocrx_word' id='word_1_29' title='bbox 1171 1430 1364 1505; x_wconf 76' lang='lat' dir='ltr'>Ambianos</span> <span class='ocrx_word' id='word_1_30' title='bbox 1380 1445 1417 1504; x_wconf 91' lang='lat' dir='ltr'><strong>et</strong></span> 
     </span>
     <span class='ocr_line' id='line_1_7' title="bbox 356 1546 1418 1636; baseline -0.001 -19"><span class='ocrx_word' id='word_1_31' title='bbox 356 1549 757 1635; x_wconf 88' lang='lat' dir='ltr'><strong>Sanctum-Quintinum</strong></span> <span class='ocrx_word' id='word_1_32' title='bbox 778 1548 1020 1621; x_wconf 81' lang='lat' dir='ltr'><strong>Viromandiae</strong></span> <span class='ocrx_word' id='word_1_33' title='bbox 1046 1546 1277 1636; x_wconf 58' lang='lat' dir='ltr'><strong>abstulissetff‚</strong></span> <span class='ocrx_word' id='word_1_34' title='bbox 1307 1547 1418 1618; x_wconf 92' lang='lat' dir='ltr'><strong>cultui</strong></span> 
     </span>
     <span class='ocr_line' id='line_1_8' title="bbox 352 1661 1418 1758; baseline 0.003 -26"><span class='ocrx_word' id='word_1_35' title='bbox 352 1662 495 1758; x_wconf 84' lang='lat' dir='ltr'><strong>justitiae</strong></span> <span class='ocrx_word' id='word_1_36' title='bbox 511 1664 595 1735; x_wconf 92' lang='lat' dir='ltr'><strong>satis</strong></span> <span class='ocrx_word' id='word_1_37' title='bbox 608 1662 750 1736; x_wconf 89' lang='lat' dir='ltr'><strong>deditus</strong></span> <span class='ocrx_word' id='word_1_38' title='bbox 763 1679 850 1736; x_wconf 88' lang='lat' dir='ltr'><strong>erat.</strong></span> <span class='ocrx_word' id='word_1_39' title='bbox 870 1662 973 1737; x_wconf 89' lang='lat' dir='ltr'><strong>Unde</strong></span> <span class='ocrx_word' id='word_1_40' title='bbox 987 1663 1033 1736; x_wconf 92' lang='lat' dir='ltr'><strong>de</strong></span> <span class='ocrx_word' id='word_1_41' title='bbox 1049 1665 1150 1735; x_wconf 90' lang='lat' dir='ltr'><strong>terris</strong></span> <span class='ocrx_word' id='word_1_42' title='bbox 1166 1662 1233 1736; x_wconf 92' lang='lat' dir='ltr'><strong>illis</strong></span> <span class='ocrx_word' id='word_1_43' title='bbox 1249 1661 1418 1735; x_wconf 87' lang='lat' dir='ltr'><strong>Picardiae</strong></span> 
     </span>
     <span class='ocr_line' id='line_1_9' title="bbox 356 1777 1418 1876; baseline 0 -26"><span class='ocrx_word' id='word_1_44' title='bbox 356 1777 575 1850; x_wconf 83' lang='lat' dir='ltr'><strong>etFlandriae</strong></span> <span class='ocrx_word' id='word_1_45' title='bbox 586 1780 776 1876; x_wconf 87' lang='lat' dir='ltr'><strong>pessimam</strong></span> <span class='ocrx_word' id='word_1_46' title='bbox 788 1779 928 1852; x_wconf 89' lang='lat' dir='ltr'><strong>illarum</strong></span> <span class='ocrx_word' id='word_1_47' title='bbox 945 1777 1241 1852; x_wconf 89' lang='lat' dir='ltr'><strong>consuetudinem</strong></span> <span class='ocrx_word' id='word_1_48' title='bbox 1259 1778 1418 1851; x_wconf 89' lang='lat' dir='ltr'><strong>civilium</strong></span> 
     </span>
     <span class='ocr_line' id='line_1_10' title="bbox 356 1893 1419 1993; baseline 0.001 -29"><span class='ocrx_word' id='word_1_49' title='bbox 356 1895 449 1967; x_wconf 89' lang='lat' dir='ltr'><strong>inter</strong></span> <span class='ocrx_word' id='word_1_50' title='bbox 471 1893 560 1966; x_wconf 92' lang='lat' dir='ltr'><strong>duas</strong></span> <span class='ocrx_word' id='word_1_51' title='bbox 582 1893 748 1992; x_wconf 89' lang='lat' dir='ltr'><strong>pluresve</strong></span> <span class='ocrx_word' id='word_1_52' title='bbox 778 1895 928 1968; x_wconf 86' lang='lat' dir='ltr'><strong>familias</strong></span> <span class='ocrx_word' id='word_1_53' title='bbox 961 1918 1165 1993; x_wconf 84' lang='lat' dir='ltr'><strong>pugnarum</strong></span> <span class='ocrx_word' id='word_1_54' title='bbox 1199 1893 1361 1967; x_wconf 89' lang='lat' dir='ltr'><strong>cohibuit</strong></span> <span class='ocrx_word' id='word_1_55' title='bbox 1383 1909 1419 1966; x_wconf 88' lang='lat' dir='ltr'><strong>et</strong></span> 
     </span>
     <span class='ocr_line' id='line_1_11' title="bbox 359 2007 1419 2106; baseline -0.001 -27"><span class='ocrx_word' id='word_1_56' title='bbox 359 2008 553 2101; x_wconf 81' lang='lat' dir='ltr'><strong>restrinxit3</strong></span> <span class='ocrx_word' id='word_1_57' title='bbox 573 2032 641 2080; x_wconf 89' lang='lat' dir='ltr'><strong>nec</strong></span> <span class='ocrx_word' id='word_1_58' title='bbox 656 2033 875 2106; x_wconf 89' lang='lat' dir='ltr'><strong>quemquam</strong></span> <span class='ocrx_word' id='word_1_59' title='bbox 891 2008 1067 2080; x_wconf 85' lang='lat' dir='ltr'><strong>nobilium</strong></span> <span class='ocrx_word' id='word_1_60' title='bbox 1083 2009 1120 2080; x_wconf 92' lang='lat' dir='ltr'><strong>in</strong></span> <span class='ocrx_word' id='word_1_61' title='bbox 1138 2007 1267 2097; x_wconf 88' lang='lat' dir='ltr'><strong>alium,</strong></span> <span class='ocrx_word' id='word_1_62' title='bbox 1286 2022 1347 2080; x_wconf 90' lang='lat' dir='ltr'><strong>aut</strong></span> <span class='ocrx_word' id='word_1_63' title='bbox 1362 2008 1419 2079; x_wconf 92' lang='lat' dir='ltr'><strong>in·</strong></span> 
     </span>
     <span class='ocr_line' id='line_1_12' title="bbox 264 2122 1418 2222; baseline 0 -28"><span class='ocrx_word' id='word_1_64' title='bbox 264 2137 267 2145; x_wconf 86' lang='lat'>&#39;</span> <span class='ocrx_word' id='word_1_65' title='bbox 358 2122 496 2194; x_wconf 87' lang='lat' dir='ltr'><strong>serioris</strong></span> <span class='ocrx_word' id='word_1_66' title='bbox 520 2124 627 2195; x_wconf 88' lang='lat' dir='ltr'><strong>etiam</strong></span> <span class='ocrx_word' id='word_1_67' title='bbox 655 2137 766 2195; x_wconf 89' lang='lat' dir='ltr'><strong>status</strong></span> <span class='ocrx_word' id='word_1_68' title='bbox 794 2149 1057 2222; x_wconf 89' lang='lat' dir='ltr'><strong>quemcumque</strong></span> <span class='ocrx_word' id='word_1_69' title='bbox 1087 2123 1273 2196; x_wconf 89' lang='lat' dir='ltr'><strong>hominem</strong></span> <span class='ocrx_word' id='word_1_70' title='bbox 1302 2122 1418 2220; x_wconf 90' lang='lat' dir='ltr'><strong>(quod</strong></span> 
     </span>
     <span class='ocr_line' id='line_1_13' title="bbox 360 2240 1420 2341; baseline 0.003 -31"><span class='ocrx_word' id='word_1_71' title='bbox 360 2240 489 2336; x_wconf 92' lang='lat' dir='ltr'><strong>passim</strong></span> <span class='ocrx_word' id='word_1_72' title='bbox 513 2243 683 2313; x_wconf 84' lang='lat' dir='ltr'><strong>anteactis</strong></span> <span class='ocrx_word' id='word_1_73' title='bbox 699 2243 923 2341; x_wconf 89' lang='lat' dir='ltr'><strong>temporibus</strong></span> <span class='ocrx_word' id='word_1_74' title='bbox 939 2242 1001 2316; x_wconf 91' lang='lat' dir='ltr'><strong>diu</strong></span> <span class='ocrx_word' id='word_1_75' title='bbox 1018 2257 1199 2317; x_wconf 90' lang='lat' dir='ltr'><strong>assuetum</strong></span> <span class='ocrx_word' id='word_1_76' title='bbox 1217 2241 1346 2338; x_wconf 79' lang='lat' dir='ltr'><strong>fuerat)</strong></span> <span class='ocrx_word' id='word_1_77' title='bbox 1364 2243 1420 2313; x_wconf 89' lang='lat' dir='ltr'><strong>via</strong></span> 
     </span>
     <span class='ocr_line' id='line_1_14' title="bbox 361 2356 1420 2457; baseline -0.001 -29"><span class='ocrx_word' id='word_1_78' title='bbox 361 2358 442 2430; x_wconf 84' lang='lat' dir='ltr'><strong>lacti</strong></span> <span class='ocrx_word' id='word_1_79' title='bbox 466 2356 666 2454; x_wconf 86' lang='lat' dir='ltr'><strong>quidquam</strong></span> <span class='ocrx_word' id='word_1_80' title='bbox 681 2383 892 2456; x_wconf 73' lang='lat' dir='ltr'><strong>presumere</strong></span> <span class='ocrx_word' id='word_1_81' title='bbox 907 2384 970 2431; x_wconf 89' lang='lat' dir='ltr'><strong>seu</strong></span> <span class='ocrx_word' id='word_1_82' title='bbox 988 2372 1162 2431; x_wconf 89' lang='lat' dir='ltr'><strong>attentare</strong></span> <span class='ocrx_word' id='word_1_83' title='bbox 1178 2359 1326 2457; x_wconf 88' lang='lat' dir='ltr'><strong>impune</strong></span> <span class='ocrx_word' id='word_1_84' title='bbox 1341 2381 1420 2454; x_wconf 90' lang='lat' dir='ltr'><strong>per·</strong></span> 
     </span>
     <span class='ocr_line' id='line_1_15' title="bbox 360 2473 468 2544; baseline 0 -2"><span class='ocrx_word' id='word_1_85' title='bbox 360 2473 468 2544; x_wconf 91' lang='lat' dir='ltr'><strong>misit.</strong></span> 
     </span>
    </p>

    <p class='ocr_par' dir='ltr' id='par_1_6' title="bbox 358 2573 1424 3496">
     <span class='ocr_line' id='line_1_16' title="bbox 407 2573 1421 2688; baseline -0.001 -30"><span class='ocrx_word' id='word_1_86' title='bbox 407 2573 565 2660; x_wconf 80' lang='lat' dir='ltr'><strong>Tenebat</strong></span> <span class='ocrx_word' id='word_1_87' title='bbox 582 2601 669 2660; x_wconf 91' lang='lat' dir='ltr'><strong>tunc</strong></span> <span class='ocrx_word' id='word_1_88' title='bbox 689 2589 824 2662; x_wconf 88' lang='lat' dir='ltr'><strong>curiam</strong></span> <span class='ocrx_word' id='word_1_89' title='bbox 843 2589 1024 2688; x_wconf 91' lang='lat' dir='ltr'><strong>publicam</strong></span> <span class='ocrx_word' id='word_1_90' title='bbox 1042 2589 1178 2662; x_wconf 89' lang='lat' dir='ltr'><strong>bisant</strong></span> <span class='ocrx_word' id='word_1_91' title='bbox 1196 2604 1250 2661; x_wconf 90' lang='lat' dir='ltr'><strong>ter</strong></span> <span class='ocrx_word' id='word_1_92' title='bbox 1265 2585 1421 2685; x_wconf 92' lang='lat' dir='ltr'><strong>qualibet</strong></span> 
     </span>
     <span class='ocr_line' id='line_1_17' title="bbox 360 2701 1423 2803; baseline -0.003 -29"><span class='ocrx_word' id='word_1_93' title='bbox 360 2701 591 2778; x_wconf 88' lang='lat' dir='ltr'><strong>hebdomada</strong></span> <span class='ocrx_word' id='word_1_94' title='bbox 604 2704 642 2774; x_wconf 91' lang='lat' dir='ltr'><strong>in</strong></span> <span class='ocrx_word' id='word_1_95' title='bbox 662 2703 793 2800; x_wconf 89' lang='lat' dir='ltr'><strong>palatio</strong></span> <span class='ocrx_word' id='word_1_96' title='bbox 811 2730 897 2794; x_wconf 90' lang='lat' dir='ltr'><strong>suo,</strong></span> <span class='ocrx_word' id='word_1_97' title='bbox 917 2706 954 2776; x_wconf 89' lang='lat' dir='ltr'><strong>in</strong></span> <span class='ocrx_word' id='word_1_98' title='bbox 973 2729 1045 2802; x_wconf 93' lang='lat' dir='ltr'><strong>qua</strong></span> <span class='ocrx_word' id='word_1_99' title='bbox 1062 2729 1188 2777; x_wconf 86' lang='lat' dir='ltr'><strong>omnes</strong></span> <span class='ocrx_word' id='word_1_100' title='bbox 1204 2726 1372 2803; x_wconf 88' lang='lat' dir='ltr'><strong>proceres</strong></span> <span class='ocrx_word' id='word_1_101' title='bbox 1386 2715 1423 2772; x_wconf 88' lang='lat' dir='ltr'><strong>et</strong></span> 
     </span>
     <span class='ocr_line' id='line_1_18' title="bbox 359 2814 1419 2919; baseline -0.004 -29"><span class='ocrx_word' id='word_1_102' title='bbox 359 2817 501 2890; x_wconf 90' lang='lat' dir='ltr'><strong>nobiles</strong></span> <span class='ocrx_word' id='word_1_103' title='bbox 518 2818 649 2890; x_wconf 90' lang='lat' dir='ltr'><strong>domus</strong></span> <span class='ocrx_word' id='word_1_104' title='bbox 666 2843 737 2892; x_wconf 81' lang='lat' dir='ltr'><strong>snae</strong></span> <span class='ocrx_word' id='word_1_105' title='bbox 753 2819 908 2893; x_wconf 89' lang='lat' dir='ltr'><strong>assidere</strong></span> <span class='ocrx_word' id='word_1_106' title='bbox 926 2819 1133 2919; x_wconf 90' lang='lat' dir='ltr'><strong>oportebat,</strong></span> <span class='ocrx_word' id='word_1_107' title='bbox 1153 2819 1216 2891; x_wconf 92' lang='lat' dir='ltr'><strong>ubi</strong></span> <span class='ocrx_word' id='word_1_108' title='bbox 1234 2814 1419 2907; x_wconf 89' lang='lat' dir='ltr'><strong>omnibus,</strong></span> 
     </span>
     <span class='ocr_line' id='line_1_19' title="bbox 358 2934 1424 3035; baseline -0.002 -30"><span class='ocrx_word' id='word_1_109' title='bbox 358 2934 647 3033; x_wconf 89' lang='lat' dir='ltr'><strong>quibuscumque</strong></span> <span class='ocrx_word' id='word_1_110' title='bbox 663 2948 698 3007; x_wconf 87' lang='lat' dir='ltr'><strong>et</strong></span> <span class='ocrx_word' id='word_1_111' title='bbox 715 2936 968 3035; x_wconf 90' lang='lat' dir='ltr'><strong>undecumque</strong></span> <span class='ocrx_word' id='word_1_112' title='bbox 982 2949 1112 3024; x_wconf 84' lang='lat' dir='ltr'><strong>essent,</strong></span> <span class='ocrx_word' id='word_1_113' title='bbox 1127 2935 1269 3008; x_wconf 86' lang='lat' dir='ltr'><strong>licentia</strong></span> <span class='ocrx_word' id='word_1_114' title='bbox 1284 2947 1424 3031; x_wconf 83' lang='lat' dir='ltr'><strong>praesta·</strong></span> 
     </span>
     <span class='ocr_line' id='line_1_20' title="bbox 358 3051 1422 3153; baseline -0.004 -30"><span class='ocrx_word' id='word_1_115' title='bbox 358 3051 467 3124; x_wconf 91' lang='lat' dir='ltr'><strong>batur</strong></span> <span class='ocrx_word' id='word_1_116' title='bbox 480 3052 676 3126; x_wconf 89' lang='lat' dir='ltr'><strong>accedendi</strong></span> <span class='ocrx_word' id='word_1_117' title='bbox 690 3053 735 3125; x_wconf 92' lang='lat' dir='ltr'><strong>ad</strong></span> <span class='ocrx_word' id='word_1_118' title='bbox 750 3054 949 3153; x_wconf 88' lang='lat' dir='ltr'><strong>principem</strong></span> <span class='ocrx_word' id='word_1_119' title='bbox 962 3068 997 3126; x_wconf 90' lang='lat' dir='ltr'><strong>et</strong></span> <span class='ocrx_word' id='word_1_120' title='bbox 1015 3053 1174 3126; x_wconf 92' lang='lat' dir='ltr'><strong>libellum</strong></span> <span class='ocrx_word' id='word_1_121' title='bbox 1188 3073 1334 3150; x_wconf 90' lang='lat' dir='ltr'><strong>precum</strong></span> <span class='ocrx_word' id='word_1_122' title='bbox 1349 3073 1422 3120; x_wconf 88' lang='lat' dir='ltr'><strong>sua·</strong></span> 
     </span>
     <span class='ocr_line' id='line_1_21' title="bbox 359 3168 1421 3269; baseline -0.007 -29"><span class='ocrx_word' id='word_1_123' title='bbox 359 3193 441 3240; x_wconf 89' lang='lat' dir='ltr'><strong>rum</strong></span> <span class='ocrx_word' id='word_1_124' title='bbox 453 3168 569 3241; x_wconf 88' lang='lat' dir='ltr'><strong>eidem</strong></span> <span class='ocrx_word' id='word_1_125' title='bbox 582 3168 755 3258; x_wconf 77' lang='lat' dir='ltr'><strong>offerendi</strong></span> <span class='ocrx_word' id='word_1_126' title='bbox 770 3197 777 3239; x_wconf 94' lang='lat'><strong>:</strong></span> <span class='ocrx_word' id='word_1_127' title='bbox 790 3168 955 3265; x_wconf 83' lang='lat' dir='ltr'><strong>adquam</strong></span> <span class='ocrx_word' id='word_1_128' title='bbox 965 3194 1029 3269; x_wconf 90' lang='lat' dir='ltr'><strong>per</strong></span> <span class='ocrx_word' id='word_1_129' title='bbox 1042 3169 1293 3242; x_wconf 87' lang='lat' dir='ltr'><strong>cancellarium</strong></span> <span class='ocrx_word' id='word_1_130' title='bbox 1303 3187 1421 3253; x_wconf 84' lang='lat' dir='ltr'><strong>suum,</strong></span> 
     </span>
     <span class='ocr_line' id='line_1_22' title="bbox 359 3280 1424 3382; baseline -0.003 -29"><span class='ocrx_word' id='word_1_131' title='bbox 359 3285 415 3354; x_wconf 87' lang='lat' dir='ltr'><strong>vel</strong></span> <span class='ocrx_word' id='word_1_132' title='bbox 434 3284 590 3381; x_wconf 88' lang='lat' dir='ltr'><strong>aliquem</strong></span> <span class='ocrx_word' id='word_1_133' title='bbox 611 3284 658 3356; x_wconf 91' lang='lat' dir='ltr'><strong>de</strong></span> <span class='ocrx_word' id='word_1_134' title='bbox 676 3283 826 3356; x_wconf 91' lang='lat' dir='ltr'><strong>consilio</strong></span> <span class='ocrx_word' id='word_1_135' title='bbox 843 3308 958 3382; x_wconf 90' lang='lat' dir='ltr'><strong>prope</strong></span> <span class='ocrx_word' id='word_1_136' title='bbox 974 3285 1213 3371; x_wconf 87' lang='lat' dir='ltr'><strong>assistentem,</strong></span> <span class='ocrx_word' id='word_1_137' title='bbox 1237 3280 1333 3353; x_wconf 90' lang='lat' dir='ltr'><strong>illico</strong></span> <span class='ocrx_word' id='word_1_138' title='bbox 1352 3305 1424 3351; x_wconf 88' lang='lat' dir='ltr'><strong>res·</strong></span> 
     </span>
     <span class='ocr_line' id='line_1_23' title="bbox 360 3395 1382 3496; baseline 0.001 -29"><span class='ocrx_word' id='word_1_139' title='bbox 360 3400 577 3496; x_wconf 86' lang='lat' dir='ltr'><strong>pousionem</strong></span> <span class='ocrx_word' id='word_1_140' title='bbox 595 3395 747 3472; x_wconf 90' lang='lat' dir='ltr'><strong>adscribi</strong></span> <span class='ocrx_word' id='word_1_141' title='bbox 766 3397 928 3471; x_wconf 83' lang='lat' dir='ltr'><strong>saciabat.</strong></span> <span class='ocrx_word' id='word_1_142' title='bbox 1379 3421 1382 3426; x_wconf 88' lang='lat'>·</span> 
     </span>
    </p>

    <p class='ocr_par' dir='ltr' id='par_1_7' title="bbox 348 3507 1447 4194">
     <span class='ocr_line' id='line_1_24' title="bbox 348 3507 1427 3612; baseline -0.006 -28"><span class='ocrx_word' id='word_1_143' title='bbox 348 3582 354 3597; x_wconf 86' lang='grc'>,</span> <span class='ocrx_word' id='word_1_144' title='bbox 410 3513 569 3584; x_wconf 88' lang='lat' dir='ltr'><strong>Moribus</strong></span> <span class='ocrx_word' id='word_1_145' title='bbox 578 3513 692 3584; x_wconf 34' lang='lat' dir='ltr'><strong>ostiam</strong></span> <span class='ocrx_word' id='word_1_146' title='bbox 710 3512 833 3612; x_wconf 91' lang='lat' dir='ltr'><strong>probis</strong></span> <span class='ocrx_word' id='word_1_147' title='bbox 849 3528 885 3585; x_wconf 92' lang='lat' dir='ltr'><strong>et</strong></span> <span class='ocrx_word' id='word_1_148' title='bbox 900 3512 1059 3587; x_wconf 89' lang='lat' dir='ltr'><strong>honestis</strong></span> <span class='ocrx_word' id='word_1_149' title='bbox 1074 3531 1160 3586; x_wconf 89' lang='lat' dir='ltr'><strong>tuno</strong></span> <span class='ocrx_word' id='word_1_150' title='bbox 1173 3526 1260 3586; x_wconf 90' lang='lat' dir='ltr'><strong>erat.</strong></span> <span class='ocrx_word' id='word_1_151' title='bbox 1281 3515 1306 3581; x_wconf 82' lang='lat' dir='ltr'>F</span> <span class='ocrx_word' id='word_1_152' title='bbox 1307 3507 1427 3583; x_wconf 88' lang='lat' dir='ltr'><strong>ereba-</strong></span> 
     </span>
     <span class='ocr_line' id='line_1_25' title="bbox 360 3627 1427 3725; baseline -0.005 -27"><span class='ocrx_word' id='word_1_153' title='bbox 360 3640 418 3698; x_wconf 88' lang='lat' dir='ltr'><strong>tur</strong></span> <span class='ocrx_word' id='word_1_154' title='bbox 435 3627 531 3712; x_wconf 86' lang='lat' dir='ltr'><strong>enim</strong></span> <span class='ocrx_word' id='word_1_155' title='bbox 549 3643 622 3700; x_wconf 87' lang='lat' dir='ltr'><strong>tam</strong></span> <span class='ocrx_word' id='word_1_156' title='bbox 639 3651 715 3702; x_wconf 85' lang='lat' dir='ltr'><strong>esse</strong></span> <span class='ocrx_word' id='word_1_157' title='bbox 731 3644 861 3721; x_wconf 88' lang='lat' dir='ltr'><strong>castus,</strong></span> <span class='ocrx_word' id='word_1_158' title='bbox 880 3643 919 3702; x_wconf 92' lang='lat' dir='ltr'><strong>ut</strong></span> <span class='ocrx_word' id='word_1_159' title='bbox 936 3629 1073 3702; x_wconf 90' lang='lat' dir='ltr'><strong>nullam</strong></span> <span class='ocrx_word' id='word_1_160' title='bbox 1088 3629 1283 3717; x_wconf 74' lang='lat' dir='ltr'><strong>heminam,</strong></span> <span class='ocrx_word' id='word_1_161' title='bbox 1300 3639 1427 3725; x_wconf 85' lang='lat' dir='ltr'><strong>praeter</strong></span> 
     </span>
     <span class='ocr_line' id='line_1_26' title="bbox 359 3739 1447 3844; baseline -0.006 -28"><span class='ocrx_word' id='word_1_162' title='bbox 359 3745 552 3844; x_wconf 73' lang='lat' dir='ltr'><strong>conjugem</strong></span> <span class='ocrx_word' id='word_1_163' title='bbox 569 3747 771 3844; x_wconf 83' lang='lat' dir='ltr'><strong>propriam,</strong></span> <span class='ocrx_word' id='word_1_164' title='bbox 793 3769 1010 3844; x_wconf 87' lang='lat' dir='ltr'><strong>cognoscere</strong></span> <span class='ocrx_word' id='word_1_165' title='bbox 1026 3747 1082 3819; x_wconf 88' lang='lat' dir='ltr'><strong>vel</strong></span> <span class='ocrx_word' id='word_1_166' title='bbox 1099 3747 1131 3818; x_wconf 92' lang='lat' dir='ltr'><strong>ei</strong></span> <span class='ocrx_word' id='word_1_167' title='bbox 1147 3745 1337 3819; x_wconf 85' lang='lat' dir='ltr'><strong>adhinnire</strong></span> <span class='ocrx_word' id='word_1_168' title='bbox 1354 3739 1447 3824; x_wconf 49' lang='lat' dir='ltr'><strong>vel-,</strong></span> 
     </span>
     <span class='ocr_line' id='line_1_27' title="bbox 355 3857 1426 3964; baseline -0.006 -32"><span class='ocrx_word' id='word_1_169' title='bbox 355 3857 441 3957; x_wconf 72' lang='lat' dir='ltr'><strong>let3&#39;</strong></span> <span class='ocrx_word' id='word_1_170' title='bbox 458 3859 559 3964; x_wconf 91' lang='lat' dir='ltr'><strong>quod</strong></span> <span class='ocrx_word' id='word_1_171' title='bbox 575 3863 743 3945; x_wconf 72' lang='lat' dir='ltr'><strong>tronnulli</strong></span> <span class='ocrx_word' id='word_1_172' title='bbox 766 3865 872 3935; x_wconf 90' lang='lat' dir='ltr'><strong>variis</strong></span> <span class='ocrx_word' id='word_1_173' title='bbox 890 3878 925 3935; x_wconf 91' lang='lat' dir='ltr'><strong>et</strong></span> <span class='ocrx_word' id='word_1_174' title='bbox 948 3863 1197 3936; x_wconf 78' lang='lat' dir='ltr'><strong>differentibus</strong></span> <span class='ocrx_word' id='word_1_175' title='bbox 1222 3863 1286 3934; x_wconf 85' lang='lat' dir='ltr'><strong>viis</strong></span> <span class='ocrx_word' id='word_1_176' title='bbox 1309 3862 1346 3931; x_wconf 92' lang='lat' dir='ltr'><strong>in</strong></span> <span class='ocrx_word' id='word_1_177' title='bbox 1374 3857 1426 3927; x_wconf 77' lang='lat' dir='ltr'><strong>ri-</strong></span> 
     </span>
     <span class='ocr_line' id='line_1_28' title="bbox 359 3974 1426 4075; baseline -0.004 -27"><span class='ocrx_word' id='word_1_178' title='bbox 359 3978 450 4050; x_wconf 92' lang='lat' dir='ltr'><strong>tium</strong></span> <span class='ocrx_word' id='word_1_179' title='bbox 473 3976 738 4075; x_wconf 85' lang='lat' dir='ltr'><strong>detorquebant</strong></span> <span class='ocrx_word' id='word_1_180' title='bbox 758 4005 766 4048; x_wconf 73' lang='grc' dir='ltr'><strong>ι</strong></span> <span class='ocrx_word' id='word_1_181' title='bbox 788 3979 900 4050; x_wconf 85' lang='lat' dir='ltr'><strong>livore</strong></span> <span class='ocrx_word' id='word_1_182' title='bbox 923 3980 1159 4052; x_wconf 86' lang='lat' dir='ltr'><strong>verisimiliter</strong></span> <span class='ocrx_word' id='word_1_183' title='bbox 1177 3995 1238 4052; x_wconf 90' lang='lat' dir='ltr'><strong>aut</strong></span> <span class='ocrx_word' id='word_1_184' title='bbox 1255 3978 1354 4065; x_wconf 88' lang='lat' dir='ltr'><strong>odin,</strong></span> <span class='ocrx_word' id='word_1_185' title='bbox 1370 3974 1426 4045; x_wconf 79' lang='lat' dir='ltr'><strong>vel</strong></span> 
     </span>
     <span class='ocr_line' id='line_1_29' title="bbox 356 4093 1427 4194; baseline -0.005 -27"><span class='ocrx_word' id='word_1_186' title='bbox 356 4097 500 4168; x_wconf 88' lang='lat' dir='ltr'><strong>levitate</strong></span> <span class='ocrx_word' id='word_1_187' title='bbox 515 4097 648 4194; x_wconf 84' lang='lat' dir='ltr'><strong>potius,</strong></span> <span class='ocrx_word' id='word_1_188' title='bbox 663 4119 774 4192; x_wconf 84' lang='lat' dir='ltr'><strong>quam</strong></span> <span class='ocrx_word' id='word_1_189' title='bbox 789 4097 944 4168; x_wconf 87' lang='lat' dir='ltr'><strong>veritatis</strong></span> <span class='ocrx_word' id='word_1_190' title='bbox 960 4121 1095 4172; x_wconf 89' lang='lat' dir='ltr'><strong>amore.</strong></span> <span class='ocrx_word' id='word_1_191' title='bbox 1117 4093 1278 4170; x_wconf 89' lang='lat' dir='ltr'><strong>Habebat</strong></span> <span class='ocrx_word' id='word_1_192' title='bbox 1297 4115 1427 4189; x_wconf 88' lang='lat' dir='ltr'><strong>nempe</strong></span> 
     </span>
    </p>
   </div>
   <div class='ocr_carea' id='block_1_6' title="bbox 399 4275 742 4339">
    <p class='ocr_par' dir='ltr' id='par_1_8' title="bbox 399 4275 742 4339">
     <span class='ocr_line' id='line_1_30' title="bbox 399 4275 742 4339; baseline 0.009 -9"><span class='ocrx_word' id='word_1_193' title='bbox 399 4275 428 4332; x_wconf 90' lang='lat' dir='ltr'><strong>l.</strong></span> <span class='ocrx_word' id='word_1_194' title='bbox 453 4277 549 4332; x_wconf 76' lang='lat' dir='ltr'><strong>Avant</strong></span> <span class='ocrx_word' id='word_1_195' title='bbox 562 4275 652 4337; x_wconf 71' lang='lat' dir='ltr'><strong>llll.</strong></span> <span class='ocrx_word' id='word_1_196' title='bbox 738 4330 742 4339; x_wconf 92' lang='grc'>,</span> 
     </span>
    </p>
   </div>
   <div class='ocr_carea' id='block_1_7' title="bbox 0 0 1673 5172">
    <p class='ocr_par' dir='ltr' id='par_1_9' title="bbox 0 0 1673 5172">
     <span class='ocr_line' id='line_1_31' title="bbox 0 0 1673 5172; baseline 0 0"><span class='ocrx_word' id='word_1_197' title='bbox 0 0 1673 5172; x_wconf 95' lang='lat' dir='ltr'><strong> </strong></span> 
     </span>
    </p>
   </div>
  </div>
 </body>
</html>
