3384 5184
1115 367 1144 434 δ’

643 561 754 618 nmen
775 558 976 620 sncunnns.
1089 491 1117 521 ⁰
1174 598 1222 643 Η.
1283 560 1341 616 ma

333 701 462 770 Utrum
471 710 591 769 autem
601 691 937 794 omniumrpsorum
947 717 1155 794 prmcrpum
1153 693 1240 766 talis
1248 707 1341 767 esset
1378 699 1381 716 '

232 851 234 858 ·
283 829 318 888 et
344 829 419 887 tam
442 829 581 907 sancta,
607 811 751 933 qualem
774 831 811 883 se
834 806 971 884 babere
1000 825 1037 884 et
1061 831 1183 909 gerere
1206 809 1341 907 ubique

282 928 560 1002 disseminabant
563 901 753 1020 ,intentio,
769 919 924 1002 asserere
937 952 1013 1001 non
1027 926 1212 1001 audemus.
1226 927 1341 1001 Facile

282 1045 380 1140 enim
396 1043 493 1116 credi
512 1058 629 1144 potest
644 1041 850 1141 quodex'
819 1067 871 1116 ers
886 1041 1071 1137 nonnulli,
1092 1042 1251 1115 hnmana
1265 1037 1342 1114 attl-

282 1134 420 1232 bitione
435 1175 472 1232 et
487 1160 693 1259 cupiditate,
711 1185 772 1232 seu
790 1158 877 1232 odio
893 1098 1111 1263 auttinpdiae
1127 1159 1203 1232 zelo
1221 1158 1339 1254 exciti,

283 1277 381 1351 aliud
406 1277 525 1376 palam
548 1273 708 1406 dicirent
729 1290 765 1348 et
786 1275 1022 1374 sponderent,
1044 1274 1144 1346 aliud
1169 1297 1256 1348 vero
1280 1299 1342 1346 oc·

284 1392 379 1466 culte
399 1407 558 1490 tegerent
576 1407 611 1465 et
629 1392 751 1464 animo
773 1392 952 1490 gestirent.
975 1390 1083 1479 Quod
1101 1391 1227 1482 etiarn,
1251 1391 1344 1464 inter

285 1522 338 1582 tot
364 1523 552 1606 tantosque
573 1509 773 1610 principes,
795 1531 871 1582 non
895 1507 1010 1582 forent
1034 1507 1194 1605 aliqui'
1167 1531 1343 1581 srnoeram

284 1623 330 1698 ad
344 1624 603 1724 rempublicam
613 1624 838 1697 affectionem
849 1637 1023 1722 gerentes,
1039 1638 1074 1696 et
1086 1623 1210 1696 lacerae
1222 1609 1343 1722 patriae

284 1755 319 1812 et
344 1740 590 1813 miserabiliter
611 1741 794 1839 discerptae
816 1754 852 1812 et
872 1763 1051 1839 oppressae
1067 1763 1142 1812 non
1160 1751 1344 1836 compate-

284 1872 425 1952 rentur,
449 1882 602 1955 eamque
618 1859 656 1931 in
678 1858 864 1932 meliorem
884 1857 1038 1938 formam
1059 1879 1079 1926 a
1102 1868 1200 1926 tanta
1223 1854 1343 1950 abjec-

158 2024 162 2033 -
241 2025 247 2036 ·
285 1975 382 2046 tione
411 1989 447 2046 et
480 1973 705 2060 deformitate
737 1973 925 2046 instaurari
958 1986 995 2044 et
1025 1971 1162 2043 restitui
1196 1971 1344 2044 minime

287 2089 432 2182 vellent,
458 2088 562 2162 valde
589 2103 913 2188 praesumptuosum
936 2102 972 2161 et
997 2084 1227 2160 temerarium
1253 2101 1345 2158 esset

282 2204 444 2301 judicare
461 2221 497 2278 et
512 2204 703 2279 defendere
718 2205 822 2279 velle.
847 2271 849 2276 .

654 2548 910 2620 CAPlTULUM
934 2550 978 2617 ll.

316 2750 359 2805 An
369 2750 404 2805 ab
416 2762 528 2820 eventu,
541 2749 661 2806 omnium
674 2748 829 2824 hujusmodi
841 2749 996 2823 principum
1008 2748 1120 2805 intentio
1132 2761 1159 2804 et
1168 2762 1242 2805 actus
1254 2749 1317 2804 mali

708 2833 760 2887 sint
774 2832 923 2907 judicandi.

233 3091 236 3098 .
337 3021 477 3095 Scimus
497 3022 643 3121 quidem
667 3023 841 3124 plurimos
866 3021 973 3096 fuisse
992 3037 1028 3096 et
1047 3046 1146 3094 nunc
1165 3043 1258 3111 esse,
1283 3021 1346 3118 qui

288 3138 335 3212 ab
353 3153 485 3212 eventu
503 3166 559 3212 res
578 3141 749 3216 duntaxat
768 3143 963 3215 metiuntur
978 3139 1173 3230 humanas,
1191 3137 1343 3234 quique,

287 3255 371 3326 ideo
388 3256 492 3352 quod.
504 3256 712 3353 hujusmodi
731 3259 934 3358 principum
956 3272 1106 3330 conatus
1122 3266 1158 3328 et
1175 3255 1344 3345 intentio,

288 3397 398 3469 quarn
418 3371 651 3471 praeferebant
668 3375 803 3465 verbis,
826 3373 983 3447 fructum
1003 3373 1151 3446 minime
1169 3371 1348 3471 pepererit
1450 3443 1455 3450 .

288 3487 553 3562 instaurationis
574 3490 777 3590 reipublicae
796 3492 834 3562 in
855 3492 998 3582 melius,
1022 3489 1110 3587 quin
1129 3487 1249 3586 potius
1269 3485 1347 3558 vul·

290 3628 377 3677 nera
398 3604 557 3701 ejusdem
578 3605 725 3703 (quihus
747 3606 934 3679 medendis
953 3629 996 3677 ao
1016 3603 1182 3676 sanandis
1200 3626 1346 3701 operam

291 3743 327 3790 se
346 3735 382 3791 et
397 3720 578 3794 salubrem
593 3720 815 3795 adhibituros
834 3719 1094 3820 pollicebantur
1112 3713 1346 3810 medicinam)

291 3860 366 3908 non
389 3836 500 3910 modo
522 3860 597 3911 non
617 3838 792 3932 curarint,
813 3836 877 3909 se'd
893 3836 1013 3936 potius
1030 3834 1165 3912 eisdem
1187 3832 1348 3930 graviora

290 3965 326 4024 et
345 3952 530 4026 acerbiora
549 3953 752 4027 addiderint
769 3952 881 4045 mala,
905 3951 963 4024 vel
985 3950 1141 4026 addendi
1166 3965 1202 4024 et
1222 3973 1348 4020 cumu-

289 4065 388 4140 landi
410 4066 588 4141 deteriora
608 4091 714 4167 snper
736 4067 912 4167 populum
930 4064 1104 4139 humilem
1122 4065 1348 4138 occasionem

289 4183 493 4278 attulerint,
517 4187 795 4284 pertinacissime
818 4185 1014 4260 defendant
1033 4184 1238 4285 principum
1259 4207 1348 4281 prae-

291 4299 472 4374 &ctorum
494 4301 737 4376 damnabilem
757 4301 804 4376 ab
826 4302 929 4376 initio
951 4317 985 4375 et
1007 4324 1191 4401 nunquam
1214 4314 1349 4374 rectam
