3384 5184
352 519 445 609 ,³030
657 543 914 606 msromenuu
933 542 1112 603 eunoun
1131 545 1176 602 xr

388 681 442 750 De
459 676 574 749 forma
587 689 706 748 temen
723 689 758 748 et
771 674 1040 749 conditionibus
1051 675 1222 748 nolumus
1234 677 1450 750 contentiosi

390 819 475 867 cum
490 792 612 892 aliquo
630 819 725 889 esse,
745 792 791 865 ad
809 807 972 866 tenorem
989 792 1187 865 litterarum
1203 793 1450 868 confectarum

390 913 545 1013 desuper
560 938 628 1013 pro
640 911 790 984 certiore
807 911 935 984 notitia
951 911 1169 983 remittentes
1179 913 1202 981 ¹.

442 1027 638 1100 Simulnbat
654 1041 772 1098 autem
790 1049 849 1098 rex
867 1050 1014 1123 magnas
1031 1039 1115 1097 tnnc
1131 1024 1266 1097 habere
1285 1039 1320 1097 et
1334 1050 1447 1125 copu-

389 1145 463 1218 lare
485 1144 574 1216 velle
592 1143 762 1215 amicitias
785 1166 869 1213 cum
891 1141 1038 1240 prefato
1061 1142 1210 1234 comite,
1232 1140 1391 1214 honores
1405 1143 1449 1215 *ei

391 1284 558 1356 magnos,
577 1273 612 1331 et
624 1257 715 1330 ultra
728 1281 836 1355 quam
849 1256 916 1328 sibi
929 1255 1088 1329 exhiberi
1104 1257 1271 1355 optabat,
1287 1255 1449 1331 deterens

391 1389 498 1472 atque
514 1373 698 1448 exhibens.
719 1372 823 1446 Unde
838 1373 963 1465 etiam,
981 1371 1090 1472 paulo
1107 1387 1189 1472 post
1210 1371 1321 1470 ipsius
1333 1397 1447 1446 reces-

389 1515 490 1581 sum,
508 1488 716 1586 hujusmodi
738 1488 839 1561 terris
857 1487 924 1561 sibi
938 1487 1096 1578 traditis,
1113 1502 1268 1586 quatuor
1283 1491 1450 1588 praeposi·

389 1620 506 1697 tures,
538 1605 631 1678 ultro
652 1631 719 1680 nec
735 1606 944 1704 requisitus,
964 1602 1091 1701 adjecit
1099 1606 1122 1694 ¹,
1142 1616 1182 1674 ut
1196 1601 1265 1675 hac
1280 1604 1451 1678 amicitie·

432 1869 462 1927 l.
482 1871 620 1926 L'euteur
635 1884 653 1925 e
669 1865 765 1924 raison
783 1863 978 1942 de'renvoyer
992 1884 1049 1924 eux
1063 1865 1168 1944 pieres.
1184 1862 1262 1924 Elles
1275 1864 1419 1924 servirent
1432 1868 1450 1925 ὲ

390 1955 520 2035 corniger
530 1974 582 2014 son
597 1953 669 2014 tecit
679 1954 731 2032 qui
742 1965 785 2012 est
796 1973 851 2032 par
859 1964 926 2032 trop
936 1953 1060 2032 tronque
1074 1956 1147 2012 beet
1157 1952 1272 2012 endroit
1281 1953 1445 2032 importent.

389 2045 477 2104 Iouis
489 2047 533 2102 Xl
546 2043 628 2124 signe
640 2043 717 2102 deus
730 2043 839 2117 baites,
853 2041 915 2101 l'un
927 2044 1085 2102 tcontlans
1099 2047 1129 2118 (5
1140 2041 1257 2104 octobre
1265 2047 1368 2120 teos),
1379 2064 1450 2106 erec

388 2134 417 2192 le
432 2141 526 2192 comte
540 2133 576 2192 de
592 2132 752 2206 Char-oleis,
763 2129 867 2192 l’autre
881 2133 898 2188 l
909 2131 989 2190 Paris
1002 2135 1050 2206 (tt
1063 2129 1203 2206 octobre),
1214 2150 1286 2191 avec
1299 2131 1341 2190 les
1354 2145 1451 2192 autres

388 2223 503 2303 princes
514 2222 701 2295 consederes3
716 2221 799 2282 traitd
809 2241 867 2300 qne
880 2220 997 2282 ceux-ci
1012 2220 1184 2281 rectifierent
1193 2219 1222 2278 le
1236 2218 1449 2280 surlendemain

390 2316 408 2371 le
427 2313 618 2374 saint-Maur
651 2311 702 2372 des
729 2311 839 2373 Posses.
858 2310 928 2369 Voir
943 2308 1065 2388 Lenglet
1081 2309 1257 2387 Dulresnoy,
1277 2309 1448 2384 commines,

390 2413 411 2462 t.
429 2406 518 2482 11,p.
541 2405 599 2462 500
617 2414 647 2462 et
663 2402 761 2478 suiv.;
784 2404 982 2460 Ordonnanees
1000 2404 1049 2458 des
1066 2401 1122 2458 reis
1141 2400 1177 2457 de
1192 2403 1314 2475 France,
1330 2411 1352 2458 t.
1368 2403 1448 2477 xvl,

391 2513 421 2574 p.
442 2495 512 2552 478.

430 2588 461 2648 2.
483 2585 507 2644 Il
519 2605 557 2646 ne
569 2599 641 2666 peut
653 2585 739 2666 s’egir
750 2586 778 2646 ld
789 2605 846 2666 que
858 2586 898 2645 du
913 2597 1059 2663 transport
1075 2583 1125 2642 des
1140 2582 1274 2663 pre'vdte's
1289 2581 1326 2643 de
1334 2583 1450 2658 Vimeu,

390 2675 558 2734 Beauveisis
572 2689 602 2735 et
615 2676 760 2754 Fouilloy,
775 2676 826 2736 tait
836 2695 889 2755 per
899 2688 962 2734 acte
973 2674 1013 2733 du
1024 2677 1061 2734 ts
1072 2672 1201 2749 octobre,
1214 2693 1267 2753 par
1274 2673 1452 2752 consequent

387 2763 506 2843 lorsque
519 2764 547 2824 le
564 2777 658 2824 comte
670 2765 706 2823 de
719 2763 867 2825 Cberolais
886 2764 954 2824 erait
972 2783 1077 2824 encore
1091 2765 1107 2821 ὲ
1120 2763 1270 2837 conflans,
1286 2775 1315 2821 et
1327 2781 1386 2822 non
1400 2782 1451 2843 pas

388 2871 442 2930 par
454 2871 513 2922 nne
525 2852 688 2932 generosite
706 2853 863 2933 spontanee
879 2851 915 2911 de'
928 2853 1015 2912 Leuis
1028 2855 1088 2928 XI,
1109 2852 1265 2932 puisqu’on
1278 2852 1312 2910 lit
1324 2851 1403 2934 dens
1409 2852 1451 2912 les

387 2937 585 3000 considerante
601 2964 607 2999 :
625 2968 638 2994 α
651 2943 818 3001 Comme...
832 2953 929 2999 nostre
941 2937 1018 3001 frere
1029 2953 1059 3002 et
1071 2941 1172 3001 cousin
1182 2942 1221 3015 (le
1231 2954 1325 3000 comte
1334 2941 1370 3000 de
1378 2941 1450 3000 Cha·

388 3029 487 3106 rolais)
496 3049 570 3088 nous
581 3047 598 3088 a
610 3027 868 3088 suithumblement
877 3044 1054 3090 remonstrer
1062 3035 1151 3109 qn'au
1160 3029 1294 3111 bailliege
1304 3030 1451 3091 d'Amiens

389 3131 455 3178 sont
475 3131 503 3177 et
524 3130 575 3177 ont
594 3117 778 3178 accoustume
795 3116 901 3176 d’estre
915 3119 985 3178 trois
1000 3119 1167 3199 prevostez,
1187 3118 1257 3179 c’est
1270 3120 1405 3180 ,asssvoir
1422 3119 1451 3181 la

388 3207 523 3288 prevoste
541 3206 578 3265 de
596 3205 718 3280 Vimen,
742 3205 770 3264 ln
790 3205 924 3285 prevoste
940 3207 977 3267 de
996 3208 1163 3268 Beauvoisis
1176 3208 1251 3286 ,¹qui
1270 3207 1395 3266 s'estend
1414 3227 1451 3267 en

390 3296 482 3374 partie
500 3293 609 3354 dedens
627 3293 656 3352 la
671 3291 740 3352 ville
757 3291 922 3371 d’itmiens,
944 3310 973 3355 et
987 3296 1017 3355 la
1029 3295 1164 3377 prdvoste
1183 3297 1219 3357 de
1238 3295 1378 3374 Foulloy,
1399 3297 1451 3374 qui

388 3385 513 3443 s’estend
527 3383 598 3460 decb
612 3395 641 3442 et
654 3381 719 3442 dett
732 3382 760 3441 ln
771 3383 878 3443 rividre
893 3383 928 3444 ‹le
942 3389 1057 3447 Somme
1071 3409 1078 3445 ε
1093 3387 1258 3466 lesquelles,
1271 3389 1380 3466 pource
1393 3405 1451 3465 que

388 3485 485 3531 nostre
501 3471 544 3530 dit
556 3472 640 3530 oncle
652 3471 693 3531 les
707 3472 797 3532 tenoit
809 3485 838 3533 et
855 3474 1000 3553 possedoit
1013 3495 1068 3556 par
1081 3489 1169 3536 avant
1181 3476 1251 3536 ledit
1264 3476 1398 3555 rachapt,
1413 3493 1451 3534 ne

387 3572 453 3619 sont
466 3559 547 3638 point
561 3559 717 3638 comprises
734 3561 816 3624 audit
832 3574 977 3643 transport
996 3563 1138 3642 qu'evons
1153 3565 1203 3626 fait
1221 3565 1345 3626 desdites
1361 3577 1452 3626 terres

389 3651 405 3708 b
418 3661 518 3708 nostre
532 3648 574 3708 dit
590 3650 667 3710 frere
680 3664 708 3711 et
721 3653 841 3729 cousin3
855 3675 889 3710 en
903 3675 972 3714 nous
983 3660 1198 3735 suppleamque
1214 3673 1290 3734 pour
1303 3655 1396 3714 e'viter
1408 3655 1452 3714 les

388 3737 498 3797 discors
523 3749 552 3796 et
573 3737 673 3798 debers
690 3742 740 3818 qui
755 3744 925 3823 ponrroient
942 3757 1018 3804 estre
1037 3758 1118 3806 entre
1134 3745 1179 3806 les
1197 3745 1321 3804 officiers
1338 3744 1389 3823 qui
1402 3763 1452 3804 se·

386 3827 482 3888 roient
494 3827 614 3888 commis
628 3827 664 3888 de
678 3849 732 3910 par
744 3851 818 3892 nous
835 3833 944 3894 ezdites
961 3834 1130 3914 prevostez,
1150 3848 1179 3895 et
1197 3833 1240 3894 les
1259 3833 1383 3894 officiers
1397 3852 1452 3892 or·

387 3918 501 3980 donnes
522 3918 645 3978 esdictes
667 3932 775 3995 terres,
795 3934 824 3982 et
838 3924 915 3983 aussi
932 3925 1001 3984 affin
1022 3944 1079 4002 que
1097 3923 1230 3984 lesdictes
1249 3924 1400 4003 prenostez
1413 3941 1451 3982 ne

383 4010 477 4071 soient
500 4008 699 4069 demembrees
716 4008 798 4070 dudit
817 4011 952 4093 bailliege
971 4012 1133 4091 d'Amiens‚
1155 4013 1176 4073 il
1194 4033 1269 4072 nous
1286 4012 1377 4093 plaise
1395 4009 1451 4071 ad·

383 4097 502 4174 joindre
516 4097 598 4158 audit
611 4096 670 4157 bail
684 4110 713 4156 et
726 4109 870 4181 transport
883 4097 1024 4161 desdietes
1038 4114 1139 4178 terres,
1153 4101 1287 4162 lesdictes
1300 4101 1451 4180 prenostez

387 4199 417 4244 et
435 4187 499 4246 leur
511 4200 755 4267 appartenences,
771 4201 826 4251 ete.
841 4216 854 4242 ι»
870 4189 990 4270 Lenglet
1003 4191 1180 4269 Dulresnoy,
1195 4193 1361 4263 commines,
1376 4202 1397 4248 t.
1408 4191 1449 4263 11,
