3282 5168
595 583 911 659 nmmoumrus.
1227 591 1283 650 aar

223 729 325 789 tcrrae
341 739 525 789 annonam
542 714 786 815 pabulumque
803 715 1019 792 sufficienter
1033 719 1195 793 invenire
1210 746 1286 796 non

220 847 384 934 possent,
398 832 498 933 quod
516 858 537 906 a
554 832 702 907 diversis
713 833 873 934 partibus
887 835 1060 908 deberent
1071 861 1153 910 suas
1165 839 1287 939 copias

220 949 398 1022 deducere
410 965 448 1022 et
463 975 615 1046 regnum
627 951 771 1050 aggredi
785 957 1005 1025 Francorum
1023 983 1032 1024 ε
1050 977 1111 1026 rex
1123 955 1288 1030 videlicet

221 1066 417 1162 Anglorum
446 1089 509 1163 per
536 1065 896 1159 viromandensium,
922 1069 1154 1143 Suessionum
1179 1088 1286 1172 atque

219 1184 511 1258 laudunensium
528 1209 653 1282 agros,
672 1185 747 1258 dux
762 1211 848 1258 vero
860 1185 1073 1284 Burgundiae
1085 1214 1151 1287 per
1160 1190 1286 1264 Lotha-

219 1302 383 1400 ringiam,
409 1309 556 1376 Barrum
571 1318 607 1376 et
621 1302 854 1402 Campaniam
868 1327 949 1376 suas
965 1297 1087 1402 copias
1103 1306 1283 1402 trajicere,

219 1419 270 1491 sic
286 1419 386 1516 quod
404 1418 514 1491 ambo
530 1420 705 1492 exercitus
727 1419 825 1519 apud
847 1423 1042 1494 Remorum
1058 1423 1188 1495 urbem
1210 1449 1286 1498 sese

219 1533 347 1608 obvios
367 1533 560 1627 haberent,
579 1535 617 1606 in
634 1559 705 1632 qua
723 1534 919 1632 Anglorum
935 1562 998 1609 rex
1018 1563 1056 1610 se
1078 1538 1286 1636 ungendum

219 1650 256 1721 in
286 1655 505 1724 Francorum
533 1675 672 1750 regem,
704 1663 812 1748 atque
844 1665 1091 1750 sceptrumet
1121 1653 1287 1728 diadema

219 1769 318 1864 regni
333 1782 582 1868 suscepturum
598 1767 747 1868 putabat
760 1767 901 1866 sibique
917 1768 1160 1867 promittebat.

269 1887 382 1955 Porro
400 1909 505 1974 cum,
525 1898 674 1982 accepto
691 1883 846 1954 invicem
858 1883 1027 1976 consili0,
1043 1882 1089 1956 ad
1102 1884 1287 1958 condicto-

218 2023 298 2070 rum
310 2001 574 2072 exsecutionem
587 2014 737 2098 uterque
752 2023 878 2075 eorum
887 1999 1134 2088 contenderet,
1154 2015 1191 2073 et
1206 2003 1285 2074 vale

217 2115 312 2189 iacto
329 2114 426 2188 fratri
445 2141 511 2187 suo
527 2141 594 2216 pro
610 2141 652 2189 ea
670 2117 767 2207 vice,
785 2114 1083 2212 Burgundionum
1099 2116 1171 2191 dux
1183 2115 1284 2189 abeo

217 2231 453 2323 discessisset,
474 2233 582 2332 coepit
596 2232 720 2332 copias
736 2257 827 2331 quas
845 2245 928 2304 ante
943 2233 1106 2306 Nussiam
1120 2257 1286 2331 aggrega·

218 2362 291 2436 rat,
310 2348 575 2447 contractisque
591 2347 753 2447 undique
769 2346 966 2445 majoribus
983 2348 1283 2449 quamplurimis-

217 2488 288 2562 que
306 2461 473 2536 curribus
491 2478 527 2536 et
544 2464 718 2537 machinis
733 2464 837 2554 belli,
856 2464 1069 2564 praemittere
1084 2465 1122 2536 in
1137 2470 1285 2538 Barren·

217 2580 310 2652 sium
327 2603 431 2678 agros
450 2593 486 2652 et
502 2577 783 2678 lotharingiam.
805 2581 882 2654 Alia
897 2581 1006 2653 etiam
1024 2605 1066 2652 ex
1084 2595 1198 2681 parte,
1211 2606 1283 2681 per

215 2708 327 2766 terras
344 2693 533 2782 picardiae,
555 2694 750 2792 anglorum
771 2719 833 2766 rex
853 2694 900 2768 ad
923 2695 1057 2767 flumen
1075 2698 1297 2784 Summonae¹

217 2808 283 2880 iter
293 2808 457 2898 iaciebat,
471 2807 609 2882 habens
619 2808 745 2909 procul
756 2807 869 2882 dubio
880 2810 1073 2881 exercitum
1089 2835 1192 2882 xxxvi
1208 2810 1284 2882 mil·

214 2923 303 2996 lium
319 2925 480 2998 virorum
498 2925 767 3024 expeditorum,
793 2924 903 2999 armis
927 2925 1156 3021 Anglicorum
1180 2951 1281 2998 more

216 3041 352 3138 optime
370 3042 639 3114 instructorum.
666 3045 773 3114 Erant
788 3041 924 3140 quippe
940 3042 1109 3138 sagittarii
1126 3056 1161 3114 et
1180 3042 1280 3142 pedi·

216 3171 268 3230 tes
284 3158 358 3230 fere
375 3183 525 3252 omnes,
542 3158 659 3232 tribus
676 3173 738 3232 aut
754 3159 849 3232 eirca
867 3156 1023 3230 millibus
1039 3160 1202 3256 equitum
1219 3183 1279 3230 ex-

215 3275 345 3373 ceptis,
365 3299 439 3372 quo
461 3275 596 3348 facilius
612 3275 820 3349 alimoniam
840 3277 1079 3349 necessariam
1093 3273 1163 3346 sibi
1176 3300 1280 3373 quae-

215 3417 292 3464 rere
320 3406 499 3491 possent,
521 3417 600 3490 quae
632 3392 775 3466 difficile
807 3392 853 3466 ad
884 3417 1055 3489 magnum
1086 3416 1280 3464 numerum

215 3533 391 3605 equorum
425 3508 607 3581 sufficiens
637 3509 789 3581 inveniri
821 3510 1009 3609 potuisset.
1047 3511 1280 3596 vastaverant

214 3624 383 3724 equidem
399 3626 475 3722 jam
493 3625 636 3718 Franci,
659 3625 709 3698 nti
731 3624 904 3717 diximus,
926 3627 1027 3699 villas
1043 3642 1079 3699 et
1094 3651 1199 3725 agros
1216 3633 1279 3699 Ar·

214 3744 308 3816 tesiae
330 3758 365 3816 et
391 3745 554 3834 Pontivi,
579 3744 687 3840 longe
711 3741 852 3842 lateque
874 3723 1004 3817 ‹iunc'ta
1024 3744 1106 3841 igne
1127 3757 1164 3814 et
1187 3743 1279 3844 lerro

213 3859 438 3959 populando.

263 3978 355 4048 Sane
367 4001 451 4048 cum
465 4001 581 4073 usque
595 3978 770 4048 Peronam
784 3974 901 4047 dictus
912 4001 972 4048 rex
989 3975 1183 4073 Anglorum
1194 3998 1278 4047 cum

213 4093 286 4166 suis
308 4092 423 4192 copiis
445 4107 682 4192 penetrasset,
705 4091 768 4164 ubi
788 4091 891 4163 limes
910 4105 986 4164 erat
1006 4091 1190 4188 utriusque
1209 4088 1280 4164 do-

216 4211 329 4298 minii,
357 4210 491 4284 scilicet
509 4215 728 4284 Francorum
749 4223 786 4282 et
806 4209 1118 4304 Burgundionum,
1133 4207 1204 4281 illic
1227 4209 1280 4280 of-

215 4325 328 4398 lendit
344 4327 468 4426 copias
484 4331 724 4421 Francorum,
744 4326 807 4426 qui
825 4325 947 4398 limina
964 4349 1029 4398 sua
1044 4350 1129 4398 cum
1145 4324 1279 4424 ingenti
