3282 5168
572 547 682 606 LIBER
701 547 884 623 uolatus.
1070 499 1075 510 ‘
1202 553 1260 612 305

201 708 284 756 cum
300 696 382 781 post
399 680 541 754 obitum
556 682 749 778 Johannis,
768 683 871 756 ducis
886 682 1055 758 Calabriae
1070 699 1107 758 et
1131 685 1259 759 Lotha-

200 799 321 896 ringiae
333 853 344 888 ,
373 798 539 896 ejusdem
562 800 685 872 Renati
707 801 799 898 regis
820 799 925 892 filii¹,
944 801 1079 874 videret
1106 827 1144 874 se
1166 826 1259 899 quo·

198 909 398 986 dammodo
414 909 637 984 indefensam
661 924 768 1008 atque
791 909 923 983 auxilio
941 910 1163 1004 destitutam,
1191 939 1259 987 nec

200 1023 246 1097 de
278 1024 355 1122 ejus
377 1025 586 1098 defensione
611 1049 735 1099 curam
759 1025 885 1099 heberi
911 1024 1069 1100 debitam
1101 1053 1167 1102 nec
1197 1054 1263 1129 per

199 1143 627 1241 predictum-Renatum,
650 1169 718 1218 nec
735 1169 801 1244 per
816 1148 1034 1216 Francorum
1057 1142 1176 1242 regeni
1200 1146 1262 1244 (de

200 1259 300 1356 cujus
316 1258 452 1333 confisa
474 1258 684 1332 defensione
701 1273 809 1357 atque
828 1259 988 1352 auxiliis,
1008 1260 1176 1333 eumdem
1195 1265 1262 1334 Re·

201 1389 327 1447 natum
346 1377 383 1448 in
406 1400 527 1474 regern
552 1374 621 1448 sibi
644 1375 819 1448 acciverat
842 1389 949 1474 atque
967 1379 1261 1476 assumpserat¹),

200 1491 330 1590 opibus
348 1493 456 1565 etiam
484 1507 520 1566 et
542 1491 682 1592 populo
698 1491 926 1580 exhaustam,
955 1505 990 1564 et
1010 1493 1122 1565 solitis
1141 1519 1263 1568 carere

201 1607 449 1705 vectigalibus,
469 1606 637 1682 censibus
654 1622 689 1680 et
711 1607 955 1701 commerciis,
974 1632 1018 1680 ex
1042 1608 1173 1704 quibus
1196 1634 1261 1683 an·

199 1726 330 1797 teriore
348 1735 513 1824 tempore
541 1725 578 1795 in
598 1725 769 1796 maximas
796 1723 949 1807 divitias,
959 1739 993 1795 et
1017 1723 1176 1799 honores
1199 1752 1260 1799 ex·

200 1858 372 1931 creverat,
407 1856 599 1940 postquam
624 1866 809 1917 armorum
833 1841 1000 1914 exercitio
1032 1857 1068 1915 et
1094 1842 1261 1941 adjacen-

200 1960 289 2031 tium
309 1972 485 2031 terrarum
508 1958 703 2032 vastatione
729 1958 792 2031 diu
816 1973 944 2032 venata
971 1960 1062 2032 etin
1091 1963 1263 2036 maximas

199 2081 378 2176 angustias
393 2078 635 2154 calamitatum
651 2076 825 2169 deducta,
854 2078 946 2152 ultra
970 2078 1160 2153 subsistere
1187 2107 1262 2156 non

200 2212 361 2295 poterat,
380 2222 464 2269 cum
489 2193 619 2271 eodem
646 2221 712 2270 suo
736 2221 820 2294 rege
847 2196 1012 2269 iohanne
1037 2222 1074 2269 se
1096 2201 1263 2272 reconci-

199 2313 285 2387 liare
302 2313 460 2406 studuit,
487 2328 547 2405 et,
566 2311 635 2385 sub
658 2327 756 2384 certo
778 2327 969 2412 pactorum
995 2312 1151 2408 loedere,
1177 2340 1260 2388 cum

200 2432 275 2506 aliis
295 2433 403 2504 etiam
418 2430 521 2502 terris
535 2429 749 2519 Cataloniae,
766 2426 833 2501 sibi
852 2427 1114 2502 cohaerentibus
1139 2445 1174 2503 et
1200 2432 1262 2504 foe·

200 2547 330 2622 demtis
336 2601 347 2640 ,
366 2545 433 2620 sub
451 2545 612 2644 ejusdem
636 2544 880 2619 obedientiam
905 2559 940 2618 et
958 2544 1133 2619 ditionem
1150 2571 1188 2619 se
1206 2572 1261 2620 re-

199 2665 313 2739 duxit.

248 2778 355 2870 Quod
379 2779 557 2851 intuentes
582 2775 743 2876 plerique
763 2774 940 2848 nobilium
963 2777 1153 2850 comitatus
1177 2782 1263 2853 Ros·

199 2895 334 2969 silionis
350 2909 385 2968 et
406 2895 537 2968 civium
564 2891 692 2991 oppidi
713 2891 941 2988 Perpiniani,
970 2916 1127 2990 quorum
1148 2896 1261 2969 animi

199 3012 351 3086 naturali
367 3011 525 3111 quadam
539 3007 651 3082 veluti
669 3005 899 3080 inclinatione
911 3006 957 3080 ad
969 3007 1138 3082 eumdem
1155 3037 1259 3086 suum

199 3152 319 3224 regem
345 3126 562 3216 terebantur,
589 3137 628 3196 et
658 3122 789 3222 quibus
811 3122 971 3223 perutilis
1000 3138 1108 3223 atque
1135 3130 1259 3223 gratis.

199 3245 290 3317 sima
301 3257 336 3317 et
348 3241 508 3341 jocunda
524 3263 601 3313 esse
616 3252 824 3312 consuesset
840 3239 1064 3312 conversatio
1081 3240 1261 3317 familiaris

199 3375 277 3434 tum
304 3362 341 3433 in
369 3358 595 3448 mercantiis,
624 3371 699 3428 tum
728 3356 765 3427 in
788 3356 878 3453 juris
906 3353 1040 3455 publici
1073 3370 1109 3428 et
1133 3360 1261 3458 privati

197 3479 455 3554 communione
476 3501 560 3549 cum
579 3474 777 3547 Barcinona
796 3489 832 3546 et
854 3473 930 3546 aliis
954 3474 1055 3547 terris
1072 3475 1163 3573 regis
1182 3483 1261 3552 Ara·

199 3621 336 3694 gonum
369 3609 405 3669 et
438 3593 563 3668 Siciliae
574 3593 597 3683 ⁸,
626 3604 704 3663 toto
732 3591 966 3688 invigilabant
995 3592 1139 3686 studio,
1170 3622 1260 3693 quo·

238 3772 267 3831 1.
289 3771 367 3830 Mort
379 3770 395 3826 a
409 3763 567 3826 Barcelone
581 3761 691 3840 meme,
704 3761 732 3820 le
746 3763 783 3820 16
797 3759 951 3821 decembre
963 3765 1041 3822 1170
1055 3764 1135 3824 selon
1148 3763 1259 3848 Qurita,

196 3879 237 3920 ou
248 3857 277 3918 le
291 3861 328 3917 at
340 3857 436 3934 juillet
450 3858 524 3915 1171
541 3853 657 3932 d’apres
670 3871 711 3910 un
724 3849 845 3930 registro
864 3850 904 3910 du
917 3850 1081 3912 Parlement
1093 3853 1148 3914 cite
1162 3874 1216 3933 par
1232 3856 1260 3916 le

195 3953 230 4010 P.
250 3947 398 4008 Anselme.

236 4042 266 4099 Ξ.
289 4043 330 4098 Le
342 4037 387 4098 roi
401 4034 479 4095 avait
492 4032 606 4111 envoye
616 4051 654 4093 an
665 4049 782 4092 seconrs
796 4029 836 4089 du
848 4028 904 4089 duc
915 4030 952 4090 de
961 4030 1082 4092 Calabro
1095 4051 1153 4092 une
1163 4035 1261 4097 aranee

196 4132 247 4212 qui
260 4131 357 4192 revint
367 4149 418 4190 sur
432 4145 477 4186 ses
489 4143 556 4204 pas,
568 4125 654 4203 apres
667 4123 752 4182 s’dtre
765 4120 891 4181 avancee
902 4119 1040 4198 jusqu'nu
1053 4121 1175 4182 Pertuis.
1192 4125 1262 4185 Dia·

196 4224 283 4305 logne
298 4233 379 4281 entre
397 4219 540 4278 Iohannes
553 4228 582 4274 et
595 4217 752 4275 nudorum
768 4231 819 4273 sur·
836 4212 864 4273 la
879 4231 985 4293 guerre
1003 4211 1040 4272 de
1058 4210 1159 4276 Nanci.

238 4316 266 4372 3.
289 4316 330 4371 Le
344 4309 388 4370 roi
400 4313 417 4368 J
419 4326 476 4368 uun
490 4325 528 4365 ne
540 4303 686 4385 possiduit
699 4322 751 4383 par
764 4302 794 4362 la
808 4301 903 4364 Sicile.

356 4429 384 4468 rr
1063 4405 1101 4464 2⁰
