3322 5172
620 593 730 652 nram
749 593 919 668 Qnmrus.
1241 600 1296 658 aar

244 727 370 824 suique
394 696 551 821 domini,
581 723 816 822 Lothariugiae
847 723 969 820 ducis,
992 729 1051 800 cui
1081 751 1120 802 se
1143 713 1296 802 militare

242 839 383 932 aiebat,
403 840 566 937 redigens
581 853 805 938 potestatem.

290 959 419 1028 Fuerat
435 970 555 1030 autem
571 955 804 1052 Lotharingiae
821 954 894 1028 dux
911 957 994 1029 satis
1008 955 1069 1030 diu
1085 959 1122 1030 in
1133 963 1293 1051 Francra,

242 1095 326 1143 cum
342 1095 364 1143 a
379 1069 675 1166 Burgundionum
695 1070 786 1142 duce
808 1094 890 1142 suas
908 1085 1019 1144 terras
1041 1075 1184 1169 aggredi
1208 1099 1296 1146 sen-

241 1187 352 1258 sisset.
373 1186 443 1258 Sed
461 1185 525 1258 ubi
541 1212 561 1258 a
578 1211 660 1284 rege
684 1190 902 1259 Francorum
935 1187 1033 1260 nulla
1051 1189 1297 1262 subventionis

198 1328 201 1334 ·
239 1325 277 1373 se
291 1302 463 1399 consequi
476 1302 607 1373 auxilia
622 1303 785 1396 agnovit,
802 1302 848 1374 ad
860 1302 1038 1377 Suitenses
1049 1319 1084 1376 et
1097 1308 1296 1378 Germanos

239 1442 277 1489 se
293 1417 444 1491 contulit
461 1432 497 1490 et
511 1417 683 1515 adjunxit.
707 1421 798 1488 Cum
820 1419 1087 1518 quadringentis
1108 1423 1205 1494 enim
1225 1424 1296 1495 cir-

239 1533 325 1606 citer
351 1533 550 1642 equitibus,
572 1554 615 1604 ex
636 1533 831 1631 Campania
847 1535 884 1605 in
905 1560 1007 1608 suam
1030 1537 1296 1636 Lotharingiam

233 1645 295 1743 'et,
315 1675 379 1748 per
394 1673 497 1739 cam,
515 1649 552 1720 in
565 1649 795 1721 Germaniam
814 1662 849 1721 et
865 1650 1081 1727 Suitensiurn
1100 1666 1210 1727 terras
1227 1657 1294 1728 mi·

239 1765 364 1860 gravit.
383 1765 462 1837 Fuit
488 1778 608 1836 autem
632 1764 832 1837 conductus
846 1790 960 1863 usque
980 1765 1026 1838 ad
1043 1769 1295 1842 Sanctum-Ni-

113 1875 116 1878 ’
238 1878 398 1952 colaum¹
413 1905 478 1978 per
494 1904 608 1952 unum
625 1881 894 1979 capitaneorum
912 1881 1033 1978 regis¹‚
1053 1881 1192 1954 circiter
1210 1907 1293 1956 cum

237 2010 383 2068 centum
396 1996 556 2088 lanceis,
572 1997 682 2095 quise
693 1997 814 2069 locum
825 1998 957 2098 ipsum,
973 2021 1048 2069 nou
1066 1997 1294 2072 conducendi

237 2111 367 2184 ducem
388 2113 529 2213 ipsum,
558 2113 627 2185 sed
647 2113 763 2208 solum
779 2114 1075 2212 peregrinationis
1095 2137 1224 2206 causa,
1256 2140 1293 2187 se

237 2227 297 2301 illo
316 2230 504 2302 accessisse
527 2227 731 2326 fingebant,
756 2255 802 2302 ne
822 2231 858 2302 in
882 2230 1128 2329 praejudicium
1151 2247 1292 2329 treuga·

236 2367 315 2416 rum
334 2346 551 2418 currentium
568 2345 792 2443 interregem
808 2343 985 2417 etducem
997 2346 1292 2442 Burgundionum

237 2461 433 2560 quidquam
454 2475 626 2534 attentare
641 2460 857 2532 dicerentur.
879 2465 929 2532 Ex
946 2464 1077 2533 Sancto
1093 2477 1215 2534 autem
1231 2465 1292 2534 Ni-

236 2574 425 2649 colao‘fuit
443 2577 540 2649 idem
561 2576 634 2650 dux
660 2575 853 2648 associatus
880 2601 945 2676 per
969 2578 1154 2677 praefatum
1182 2580 1292 2650 comi·

235 2704 308 2762 tem
325 2691 370 2764 de
388 2694 531 2786 Bische,
551 2707 587 2765 et
601 2693 831 2789 Argentinam
846 2692 1002 2793 primum
1018 2718 1056 2765 se
1071 2694 1235 2784 contulit,
1256 2709 1291 2768 et

234 2806 364 2880 exinde
378 2805 561 2897 Basileau'r,
582 2809 628 2881 ad
644 2808 822 2880 Suitenses
837 2832 951 2906 usque
963 2810 1187 2907 perveniens.

283 2923 463 2998 Favebant
486 2939 606 3000 autem
633 2923 701 2996 sibi
725 2945 851 2996 omnes
867 2924 1037 2996 Germani
1060 2937 1097 2995 et
1117 2923 1163 2996 de
1179 2925 1290 3022 ipsius

233 3047 442 3122 laetabantur
461 3049 635 3142 adventu,
654 3072 699 3121 eo
711 3047 832 3146 quod,
848 3046 1154 3144 quemadmodum
1172 3062 1207 3120 et
1223 3049 1288 3146 ipsi

233 3164 279 3237 ad
305 3167 603 3263 Burgundionum
629 3166 780 3258 ducem,
807 3164 903 3236 velut
927 3188 1158 3236 communem
1181 3165 1290 3237 totius

234 3281 432 3352 Germaniae
453 3279 613 3368 hostem,
636 3281 711 3378 ipse
726 3279 834 3351 etiam
852 3276 936 3349 odia
952 3292 986 3349 et
1003 3277 1204 3352 iuimicitias
1221 3278 1288 3351 ob·

232 3405 411 3483 servaret,
439 3392 598 3465 undeet
624 3395 700 3493 ipse
729 3392 880 3490 cumeis
910 3393 947 3464 in
970 3391 1091 3492 praelio
1117 3392 1178 3466 illo
1195 3395 1289 3468 circa

232 3508 416 3582 castellum
435 3512 559 3578 Morat
573 3506 698 3600 adfuit,
728 3522 764 3582 et
788 3521 930 3582 strenue
957 3523 1030 3580 tam
1052 3508 1153 3582 ducis
1178 3536 1288 3609 quam

233 3625 353 3698 militis
368 3622 484 3696 officia
497 3622 615 3720 gessit.

280 3740 411 3840 Atqui,
430 3764 514 3812 cum
541 3736 613 3809 illic
633 3737 708 3835 ipse
725 3760 808 3809 cum
834 3734 1056 3810 Suitensibus
1082 3755 1117 3812 et
1138 3744 1287 3815 Germa·

273 3981 300 4034 t.
324 3975 531 4038 saint-Nicolas
547 3973 587 4034 du
600 3979 679 4045 Port,
695 3975 712 4032 a
725 3971 796 4031 trois
809 3971 899 4032 lieues
913 3992 950 4032 au
964 3971 1029 4033 dele
1043 3974 1081 4033 de
1094 3977 1204 4052 Naucy.

270 4069 301 4125 2.
323 4071 364 4126 la
375 4066 540 4144 chronique
553 4064 591 4125 de
604 4063 742 4125 Lorraiue
755 4061 879 4122 attribue
893 4075 967 4123 cette
981 4064 1163 4124 commission
1180 4071 1196 4124 t
1210 4065 1287 4126 deux

231 4153 399 4232 capitaines,
412 4153 454 4213 les
465 4153 614 4234 seigneurs
623 4150 660 4210 de
674 4152 702 4210 ia
715 4149 840 4211 Pinache
852 4164 880 4210 ct
891 4151 1075 4234 d'Abegney'3
1090 4153 1162 4212 mais
1176 4175 1208 4214 ce
1222 4169 1287 4215 sont

230 4242 281 4302 des
292 4263 375 4302 noms
389 4261 569 4320 corrompus.
585 4246 664 4300 Dans
674 4245 711 4300 D.
728 4242 848 4314 Calmet,
859 4253 880 4300 t.
896 4245 950 4318 111,
967 4263 1026 4322 pn,
1041 4243 1097 4302 col.
1111 4243 1203 4320 lxviij.

272 4336 301 4396 3.
322 4335 432 4409 Quatre
446 4346 524 4393 cents
538 4332 645 4406 lances,
661 4331 741 4391 selon
757 4331 962 4410 lanronique
975 4332 1013 4392 de
1026 4333 1173 4394 Lorraine.
