3272 5182
582 579 692 640 uem
718 581 921 642 sacunnus.
1092 563 1095 570 '
1150 557 1151 562 '
1210 580 1282 639 *eoa

218 717 477 816 improperavit
497 729 604 814 atque
626 713 823 812 respondit.
852 719 896 786 Et
921 740 1005 788 cum
1032 714 1109 788 altis
1133 714 1284 787 vocibus

219 832 483 932 proclamarent
502 858 511 902 τ
533 859 551 900 n
568 831 672 904 Vivat
689 835 910 904 Francorum
928 830 1009 904 rexl
1028 861 1046 901 a
1065 834 1142 931 ipse
1160 857 1201 904 ex
1221 832 1284 905 ad·

218 976 341 1040 verso,
361 966 497 1049 quanto
516 950 628 1046 magis
644 962 803 1048 poterat,
821 949 917 1022 hanc
933 975 1062 1023 vocem
1079 951 1254 1023 referebat
1271 977 1280 1019 :

221 1095 239 1136 n
258 1070 344 1138 Vive
357 1062 625 1164 Bourgoingnel
640 1092 658 1132 o
675 1064 889 1138 Praeclarum
904 1081 940 1139 et
956 1064 1189 1138 memorabile
1203 1066 1285 1138 saci·

136 1269 137 1274 ἵ
218 1207 287 1256 nus
311 1182 418 1279 hujus
439 1184 531 1280 regis
555 1186 794 1274 Francorum,
817 1183 877 1256 cui
905 1183 1062 1255 fortassis
1086 1184 1144 1255 vix
1167 1181 1284 1255 simile
1388 1187 1391 1194 ’

218 1297 316 1370 aliud
332 1299 390 1370 vel
406 1299 443 1371 in
463 1297 644 1371 veteribus
659 1295 863 1392 annalibus,
884 1297 941 1370 vel
960 1299 998 1370 in
1025 1297 1285 1370 recentioribus
1415 1289 1417 1296 ¹

119 1465 138 1540 ,
217 1415 375 1486 historiis
398 1415 530 1513 poterit
549 1413 650 1486 lacile
670 1413 834 1486 inveniri.
856 1403 1090 1507 Quid'enim,
1112 1414 1169 1487 vel
1188 1413 1286 1504 stoli-

219 1530 314 1624 dius,
326 1530 385 1603 vel
399 1530 557 1630 perfidiae
578 1529 781 1625 insignioris
797 1527 910 1623 aliud,
925 1543 987 1601 aut
997 1531 1151 1628 nequius
1167 1529 1287 1603 afferri

218 1662 356 1748 posset,
380 1673 502 1744 regem
519 1646 695 1746 populum
711 1644 814 1718 illum
833 1646 871 1716 in
893 1668 994 1718 arma
1010 1647 1205 1752 concitasse
1221 1645 1286 1717 ad·

219 1787 343 1836 versus
364 1762 657 1861 Burgundiones,
683 1787 753 1834 suae
773 1761 895 1834 salutis
917 1785 1043 1855 causa,
1056 1763 1189 1860 eisque
1209 1786 1286 1833 non

221 1902 292 1950 una
312 1893 455 1950 tantum
477 1877 574 1971 vice,
594 1877 657 1950 sed
679 1877 878 1950 innumeris
898 1901 998 1976 paene
1017 1877 1156 1951 vicibus
1177 1875 1287 1949 fidem

220 1993 360 2066 dedisse
374 1992 475 2092 quod
490 1992 626 2067 eisdem
645 1995 768 2066 omnia
782 1993 1000 2067 defensionis
1021 2009 1057 2066 et
1071 1995 1288 2066 auxiliorum
1410 2067 1418 2080 ,

220 2109 345 2182 solatia
363 2108 547 2182 exhiberet
567 2107 738 2181 adversus
759 2110 907 2184 eosdem
929 2109 1219 2207 Burgundiones,
1253 2122 1289 2180 et

220 2250 332 2318 nunc,
349 2250 434 2297 cum
448 2239 607 2299 extrema
620 2250 742 2298 rerum
756 2227 921 2298 omnium
934 2226 1135 2298 calamitate
1148 2251 1288 2325 preme·

220 2356 344 2414 rentur
368 2367 433 2442 per
457 2341 756 2439 Burgundionum
784 2342 936 2436 ducem,
967 2341 1086 2414 eidem
1110 2343 1285 2433 militare,

220 2459 321 2556 signa
333 2484 398 2532 sua
409 2459 575 2530 militaria
587 2458 758 2557 perferre,
774 2483 813 2530 se
824 2459 900 2555 ejus
912 2457 1117 2532 charactere
1128 2483 1289 2531 commu·

220 2574 311 2667 nire,
332 2588 367 2647 et
383 2575 553 2672 comitem
565 2573 747 2646 addidisse
760 2572 809 2646 ad
820 2573 1060 2647 excidendum
1076 2598 1138 2646 eos
1155 2574 1288 2671 quibus
1348 2605 1350 2609 ·

220 2691 392 2764 auxilium
413 2707 449 2764 et
471 2689 670 2763 subsidium
693 2705 821 2768 contra
840 2716 925 2764 eum
946 2691 1189 2790 praestiturum
1211 2715 1288 2766 sese

221 2833 395 2908 suamque
410 2808 522 2882 fidem
537 2811 734 2882 arctissime
750 2809 1012 2882 obstrinxerat?

272 2926 387 2998 Pudet
403 2952 462 2998 me
478 2925 642 3025 prolecto
659 2926 730 2999 hoc
746 2925 871 2998 litteris
886 2925 1059 2999 mandare
1075 2949 1117 2998 ac
1133 2925 1284 3022 referre,

221 3041 394 3114 scientem
409 3041 481 3114 hoc
498 3041 641 3115 difficile
657 3066 679 3114 a
695 3041 857 3142 plurimis
872 3042 971 3115 credi
987 3066 1105 3141 posse.
1125 3038 1196 3114 Sed
1212 3056 1287 3114 tam

221 3159 445 3256 insignitum¹
459 3174 567 3258 atque
583 3159 806 3233 diffamatum
820 3183 1045 3260 peromnem
1059 3157 1211 3233 Galliam
1229 3184 1288 3238 ex·

222 3277 324 3368 stitit,
345 3291 469 3378 totque
492 3278 632 3351 idoneis
655 3280 867 3353 testimoniis
884 3278 1138 3352 confirmatum
1152 3265 1288 3350 ¹eorum

222 3396 287 3493 qui
300 3395 373 3467 hoc
385 3408 420 3467 et
434 3393 604 3467 viderunt
619 3408 655 3466 et
670 3395 873 3488 audieruut,
891 3410 931 3468 ut
946 3393 1153 3492 ambigendi
1170 3393 1284 3488 locus,

222 3511 291 3582 nisi
307 3512 538 3611 pervicaciter
555 3511 661 3582 nimis
675 3513 870 3613 perspicuae
886 3512 1026 3586 veritati
1041 3509 1208 3584 reluctari
1224 3534 1287 3582 cu·

222 3626 347 3726 pienti,
367 3628 503 3700 nemini
516 3611 755 3728 relinquatur.

265 3837 295 3896 l.
318 3835 473 3914 Insigniter
484 3833 556 3894 dans
570 3832 598 3894 le
609 3851 664 3892 ms.
