3402 5186
564 581 566 588 '
637 579 746 635 LIBER
765 577 916 639 PRIMUS.
1270 579 1307 634 l'l

248 708 463 783 Incedebant
485 709 581 782 enim
604 733 669 807 per
684 724 818 780 turmas
835 708 916 781 satis
932 705 1072 779 decenti
1096 720 1130 778 et
1155 711 1267 804 longo
1285 733 1306 778 a

247 851 286 899 se
309 826 461 898 invicem
488 823 674 898 intervallo
701 825 875 921 sejuncti,
911 839 1030 895 turma
1055 821 1215 922 qualibet
1244 836 1306 894 aut

247 940 441 1015 duodecim
463 955 526 1012 aut
557 940 763 1037 quindecim
788 965 851 1012 seu
875 939 999 1036 viginti
1021 938 1249 1010 evectionum
1273 951 1310 1008 et
1344 1003 1359 1034 ‚

247 1081 482 1158 personarum
496 1080 687 1129 numerum
701 1055 928 1148 continente,
951 1069 986 1125 et
999 1068 1099 1126 erant
1115 1079 1160 1125 ex
1173 1051 1308 1124 eisdem

247 1159 373 1243 turmis
387 1196 494 1271 supra
517 1171 655 1267 viginti,
677 1195 803 1242 omnes
819 1194 932 1267 usque
945 1167 991 1241 ad
1004 1184 1162 1240 extrema
1173 1166 1308 1266 pedum

247 1287 392 1382 vestigia
417 1301 531 1359 vestes
556 1301 719 1376 auratas,
747 1285 896 1383 gemmis
919 1285 1026 1356 etiam
1049 1283 1311 1383 pretiosissimis

247 1403 427 1475 interdum
445 1403 612 1494 intextas,
631 1402 849 1491 deferentes,
868 1425 952 1472 cum
968 1399 1116 1498 paribus
1135 1398 1309 1472 subselliis

246 1543 309 1589 seu
325 1519 556 1617 operimentis
571 1543 769 1615 equorum,
795 1541 894 1614 quae,
925 1515 1011 1588 solis
1028 1516 1136 1588 radiis
1158 1510 1313 1615 desuper

246 1633 464 1740 lucentibus,
485 1636 699 1707 intuentium
718 1633 842 1706 oculos
859 1633 1148 1741 perstringebant
1164 1649 1313 1734 propter

246 1751 414 1823 eximium
431 1751 509 1822 auri
525 1774 820 1847 gemmarumque
838 1749 1023 1846 fulgorans
1055 1753 1164 1850 Erant
1183 1764 1218 1821 et
1238 1749 1314 1822 aliae

245 1867 321 1938 sine
335 1892 487 1939 numero
504 1882 654 1942 catervae
670 1867 849 1944 inferioris
864 1866 1075 1958 nobilitatis,
1092 1892 1172 1966 quae
1186 1881 1311 1960 vestes,

246 1995 322 2053 tum
348 2007 437 2055 auro
460 1998 537 2055 tum
566 2000 713 2082 argento
738 1986 889 2059 intextas
912 1985 971 2058 vel
996 1985 1202 2082 insignitas,
1226 2011 1313 2084 pur-

244 2123 373 2197 pureas
415 2101 636 2200 serieeasque
676 2103 792 2174 omnis
833 2099 972 2199 generis
1014 2103 1178 2175 colorum
1215 2100 1280 2174 det
1296 2143 1312 2159 ·

244 2213 389 2307 rebant,
422 2241 505 2288 cum
531 2217 637 2289 variis
659 2241 700 2290 ao
727 2218 943 2316 sumptuosis
964 2242 1141 2316 equorum
1164 2243 1313 2290 suorum

244 2332 398 2431 phaleris
419 2347 456 2405 et
476 2337 702 2432 tegumentis.
727 2340 838 2407 Erant
854 2349 889 2408 et
911 2335 1066 2408 militum
1091 2351 1313 2410 armatorum

243 2467 351 2550 atque
399 2454 625 2527 diversorum
667 2453 870 2528 officiorum
909 2455 1078 2529 cohortes
1121 2457 1197 2528 sine
1242 2484 1311 2530 nu·

244 2593 363 2658 mero,
389 2584 452 2643 aut
473 2571 537 2666 qui
551 2595 573 2642 a
588 2594 773 2670 quoquam
796 2569 941 2644 difficile
959 2571 1220 2672 comprehendi
1241 2598 1310 2673 po-

244 2683 379 2756 tuisset.
1210 2751 1219 2771 ‚

290 2802 546 2874 Communium
568 2816 690 2875 autem
708 2801 930 2902 populorum
950 2815 1057 2900 atque
1080 2800 1306 2898 plebeiorum

243 2929 340 2990 tanta
361 2939 403 2988 ex
422 2919 616 3018 provinciis
641 2919 810 2991 omnibus
835 2917 1031 2991 Galliarum
1056 2916 1184 3012 turba,
1213 2919 1306 2994 illius

241 3036 419 3132 ingressus
443 3049 549 3134 atque
572 3061 714 3136 pompae
735 3035 952 3109 oontuendae
974 3059 1101 3124 causa,
1122 3035 1304 3135 adipeam

241 3151 369 3225 urbem
393 3155 527 3251 regiam
545 3156 776 3256 ¹confluxerat
803 3154 848 3225 de
872 3153 972 3253 omni
996 3176 1148 3250 genere,
1177 3169 1300 3247 aetate,

241 3294 343 3360 sexu,
371 3269 484 3368 gradu
507 3285 613 3368 atque
631 3269 778 3361 ordine,
806 3283 846 3340 ut
862 3255 1025 3341 aestimari
1050 3282 1128 3340 tum
1148 3271 1302 3346 audieri-

242 3410 322 3457 mus
342 3411 533 3459 numerum
545 3410 671 3456 eorum
693 3382 739 3459 ab
753 3408 829 3456 uno
852 3383 1048 3456 venerabili
1067 3409 1151 3456 sene
1173 3387 1298 3479 milite,

240 3504 303 3601 qui
316 3503 409 3601 patri
426 3503 585 3601 ejusdem
597 3501 770 3574 Ludovici
786 3501 877 3598 regis
893 3525 1032 3599 suoque
1045 3525 1113 3573 avo
1131 3501 1195 3575 diu
1211 3505 1298 3580 olim

239 3619 419 3708 servierat,
440 3620 544 3692 fuisse
559 3644 667 3718 supra
682 3631 839 3690 trecenta
856 3616 967 3690 millia
983 3617 1154 3717 capitum,
1170 3638 1299 3719 praeter

238 3735 377 3807 accolas
392 3735 486 3807 illius
503 3736 666 3808 civitatis.

289 3853 466 3952 Praecipua
484 3867 604 3926 autem
621 3873 756 3951 pompa
771 3865 807 3922 et
823 3873 902 3947 quae
918 3849 1024 3946 longe
1042 3866 1200 3947 caeteras,
1220 3869 1297 3929 tum

238 3993 389 4041 numero
419 3982 495 4038 tum
524 3982 822 4040 ornamentorum
852 3965 1092 4064 pretiositate,
1121 3969 1294 4064 anteibat,
1363 4021 1367 4031 -

239 4083 304 4156 l'uit
320 4087 366 4156 de
386 4081 479 4154 duce
499 4083 706 4180 Burgundiae
730 4097 765 4154 et
787 4081 1012 4182 principibus
1030 4105 1072 4155 ao
1091 4085 1299 4184 proceribus

237 4201 321 4272 suis.
348 4199 481 4272 Habuit
505 4201 619 4290 enim,
645 4215 719 4272 tam
742 4201 818 4298 ipse
841 4224 951 4298 quam
976 4199 1052 4291 sui,
1080 4225 1189 4299 supra
1211 4202 1300 4278 duas

235 4331 354 4416 partes
366 4315 553 4390 turbarum
565 4341 644 4414 quae
655 4315 857 4416 potioribus
871 4314 1054 4413 fulgebant
1064 4323 1296 4396 ornamentis.
1367 4321 1387 4381 ·,

397 4455 424 4491 rr
1123 4437 1142 4492 2
