3402 5186
309 542 313 549 ·
364 531 403 586 ac
606 527 892 602 ‚fflsmarnuu
910 524 1090 584 eunoun
1107 524 1152 581 x1

362 659 435 756 pite
454 660 558 758 regiae
575 657 769 732 voluntatis
790 657 1044 750 conversione3
1063 655 1242 754 quodque
1255 669 1334 770 laq
1353 657 1427 730 cito

363 773 470 846 talem
492 800 560 874 pro
576 775 711 848 meritis
732 773 968 864 eidem'duci,
987 797 1097 871 quem
1113 787 1303 871 parentem
1319 798 1427 846 suum

362 904 510 988 perante
523 889 700 988 appellare
715 888 842 962 solitus
856 902 946 978 erat,
965 888 1099 961 referre
1113 889 1266 986 gratiam
1276 887 1427 962 inchoa·

362 1020 428 1078 ret.
444 1007 608 1080 Decursis
625 1006 730 1103 igitur
752 1004 876 1104 paucis
890 1019 975 1103 post
991 1003 1142 1096 diebus,
1164 1005 1243 1104 ipse
1261 1004 1337 1078 dux
1352 1007 1426 1102 regi

361 1119 586 1212 valefaciens,
605 1120 651 1193 ad
664 1119 810 1219 propria
823 1144 861 1191 se
873 1117 1028 1192 reduxit.

410 1236 503 1306 Cum
515 1257 601 1306 vero
613 1231 732 1305 adhuc
743 1247 834 1306 esset
848 1233 925 1330 ipse
937 1255 997 1304 rex
1008 1231 1164 1324 Parisiis,
1177 1231 1286 1306 etiam
1297 1230 1425 1304 eadem

362 1349 500 1422 iteravit
533 1347 644 1422 verba
674 1372 754 1444 quae
784 1347 883 1447 apud
917 1351 1048 1422 Remos
1082 1363 1166 1420 ante
1199 1350 1422 1422 enunciant.

362 1467 569 1562 Ponigente
589 1468 687 1540 enim
709 1466 760 1538 illi
788 1466 1058 1564 'supplicationis
1082 1465 1246 1540 libellum
1272 1490 1426 1540 venera-

325 1573 328 1580 *
361 1579 424 1654 bili
452 1582 607 1656 antistite
630 1580 950 1656 Autissiodorensis
972 1580 1145 1654 ecclesiae¹
1175 1605 1243 1680 pro
1266 1580 1424 1680 quadam

361 1695 445 1770 villa
459 1697 614 1771 ecclesiae
630 1722 720 1790 suae,
740 1722 837 1795 quae,
855 1696 983 1769 eadem
997 1711 1117 1770 aestate
1128 1711 1165 1768 et
1181 1697 1310 1770 iisdem
1322 1721 1425 1798 pane

361 1811 507 1907 diebus,
529 1815 700 1890 incendio
722 1815 869 1887 fortuito
889 1815 1034 1913 penitus
1054 1813 1311 1912 conflagrarat,
1334 1837 1426 1912 qua·

360 1942 466 2002 tenus
494 1931 632 2004 miseris
663 1929 853 2003 clementia
883 1929 980 2028 regia
1009 1930 1252 2028 compatiens,
1284 1954 1348 2002 eos
1377 1930 1425 2004 ad
1478 2017 1482 2030 Ι

360 2042 518 2140 aliquos¹
545 2044 703 2118 relevare
726 2043 830 2118 vellet
850 2069 873 2118 a
891 2045 995 2119 talliis
1015 2043 1241 2146 publicisque
1263 2045 1422 2140 tributis,

360 2157 503 2257 publice
519 2174 556 2232 et
574 2160 694 2258 palarn
711 2160 881 2233 omnibus
901 2185 1114 2261 responsum
1136 2162 1170 2234 ei
1190 2163 1274 2252 fuit,
1297 2188 1336 2236 se
1357 2189 1425 2262 pro

359 2273 420 2350 illa
432 2271 515 2347 villa
529 2273 619 2346 nihil
631 2273 889 2375 particulariter
903 2275 1088 2375 indulgere
1102 2277 1211 2372 velle3
1230 2277 1293 2350 sed
1310 2278 1425 2353 inten-

360 2391 466 2464 tionis
479 2413 521 2464 ac
531 2389 727 2466 voluntatis
740 2417 812 2466 suae
824 2417 900 2468 esse
911 2395 1122 2490 generaliter
1138 2377 1257 2468 toturn
1272 2420 1423 2494 regnum

359 2503 566 2603 hujusmodi
587 2507 751 2582 relevare·
763 2508 953 2601 oneribus,
977 2524 1014 2584 et
1034 2511 1319 2612 supplicantibus
1339 2513 1424 2587 satis
1544 2571 1548 2579 .

358 2648 425 2721 per
437 2621 508 2696 hoc
522 2624 727 2698 consultum
744 2626 801 2718 iri,
819 2641 855 2699 et
874 2627 1041 2702 desiderii
1058 2631 1114 2702 sui
1128 2628 1221 2702 bene
1237 2645 1424 2730 compotes

359 2739 448 2814 fieri.
476 2742 584 2830 Quod
607 2742 699 2840 regis
716 2742 867 2816 verbum
886 2768 970 2816 curn
991 2767 1096 2818 aures
1118 2746 1285 2818 omnium
1305 2745 1423 2818 statim

358 2857 591 2958 implevisset,
626 2857 697 2930 dici
730 2858 830 2932 facile
856 2883 931 2931 non
958 2875 1079 2958 posset
1106 2875 1244 2960 quanta
1269 2861 1424 2960 proinde

358 2972 464 3046 bonae
491 2975 566 3073 spei
590 2988 627 3046 et
653 2973 909 3046 consolationis
932 2977 1080 3048 materia
1105 2974 1269 3074 plurimis
1294 3001 1423 3076 prove·

359 3091 464 3164 norit.
1166 3123 1169 3130 ⁴
1260 3111 1271 3127 ²

722 3314 978 3386 capitutum
1001 3317 1061 3386 IX.

359 3495 399 3547 De
413 3493 604 3566 supplicatione
615 3493 682 3547 iacta
697 3511 748 3566 pro
764 3493 901 3566 provincia
916 3494 1088 3550 Normannin
1101 3507 1128 3549 et
1146 3495 1214 3567 regis
1234 3465 1422 3569 responsione5

394 3576 471 3646 cujas
484 3575 621 3670 copatione
639 3573 703 3628 dolo
721 3573 911 3630 advocatorum
928 3577 1036 3632 fnemnt
1050 3577 1227 3650 provinciales
1242 3579 1355 3654 tupiter
1366 3577 1422 3632 eir·

394 3671 536 3714 eumaem.

407 3797 475 3878 Curi
498 3807 608 3880 innixi
637 3807 687 3880 illi
710 3809 893 3908 potissime
917 3809 963 3882 de
992 3812 1232 3904 Normannia,
1256 3813 1319 3910 qui
1343 3825 1422 3884 tum

362 3923 501 3997 Parisiis
518 3939 619 3996 erant
641 3924 764 4002 {multi
781 3925 915 4024 quippe
934 3923 980 3998 de
998 3925 1149 4025 praelatis
1166 3941 1273 4023 etque
1291 3926 1423 4001 nobili-

398 4177 427 4232 l.
450 4173 549 4233 Pierre
559 4173 597 4232 dc
609 4171 759 4254 longuail.

312 4255 328 4303 'v
398 4266 428 4321 2.
453 4265 602 4324 Pentetre
617 4283 662 4320 ecs
674 4275 728 4322 aut
738 4283 832 4320 eorum
848 4265 968 4342 aliquos.
1033 4319 1041 4330 ,
