3282 5168
588 537 698 598 LIBER
717 539 902 611 QUARTUS.
1217 545 1275 600 359

216 669 490 743 exsaturandam
503 671 637 742 ventris
650 670 843 767 ingluviem
857 671 1020 746 dietenus
1036 675 1172 772 replere
1189 675 1278 750 cibis

215 799 251 856 et
266 785 413 884 potibus
430 787 468 858 in
486 785 594 859 natali
609 784 687 858 solo
706 787 910 878 assuefacti,
928 789 997 861 nisi
1014 788 1108 860 ferro
1125 793 1277 890 conqui·
1330 810 1334 818 '

214 915 349 990 renent,
370 902 512 1000 copiam
530 901 602 974 illic
627 926 703 974 non
720 901 917 992 haberent,
937 917 1077 999 treugas
1094 905 1278 980 triduanas

214 1041 277 1090 seu
302 1017 557 1114 quatriduanus
574 1042 595 1092 a
613 1042 695 1114 rege
715 1022 936 1090 Francorum
955 1019 1137 1116 postulare
1153 1022 1273 1122 coepit.

214 1135 311 1204 Intra
323 1158 425 1231 quas,
445 1159 528 1205 cum
545 1135 652 1207 etiam
668 1131 921 1206 alimenta'sib'i
937 1157 1075 1233 suoque
1091 1137 1275 1227 exercitui,

214 1262 253 1320 ut
275 1273 395 1322 emere
415 1249 554 1342 liceret,
574 1275 598 1323 a
618 1251 763 1323 Francis
780 1251 1021 1349 impetrasset,
1044 1252 1162 1324 statim
1176 1253 1278 1350 jussu

213 1368 430 1438 Francorum
449 1367 541 1463 regis
558 1380 592 1437 et
610 1366 781 1438 alimenta
796 1379 841 1443 ct
856 1366 943 1438 vina
958 1366 1095 1465 Anglici
1112 1368 1149 1439 in
1167 1366 1280 1442 abun·

212 1483 334 1556 dantia
360 1481 578 1556 hahueruni.
608 1487 688 1572 Qua
712 1481 759 1556 de
784 1508 823 1555 re
849 1483 1047 1584 plurimum
1072 1485 1276 1580 exhilarati,

211 1599 319 1671 etiam
335 1598 380 1670 de
393 1624 493 1697 pace,
511 1612 572 1670 aut
585 1598 778 1697 prolixiore
790 1609 1133 1699 treuga,tractatum
1145 1600 1279 1673 habere

212 1729 411 1813 eruperunt.

260 1833 374 1930 Super
396 1857 471 1930 quo
494 1857 577 1904 curn
602 1831 721 1930 piures
744 1830 940 1930 absumptae
955 1829 1135 1904 fuissent
1126 1846 1218 1905 mter
1241 1859 1279 1906 se

211 1947 300 2020 dies¹
303 1947 469 2040 tandem
477 1947 523 2020 ad
533 1961 693 2044 treugam
707 1961 848 2048 septem
857 1929 918 2018 arb
929 1951 1274 2040 novemannorumss

210 2003 346 2162 absqire
359 2065 449 2135 scitu
468 2064 768 2161 Burgundionum
779 2047 895 2187 ducis,
911 2077 1187 2157 concurrerunt;
1207 2088 1278 2162 qua

209 2194 344 2268 tamen,
360 2177 507 2251 sivellet
518 2179 694 2278 dux1pse,
710 2148 870 2252 similiter
881 2177 1049 2278 potiundi
1063 2194 1277 2278 potestatem

209 2294 370 2368 baberet.
398 2296 544 2366 Interim
567 2310 688 2368 autern
711 2320 779 2394 pro
805 2295 987 2393 praetensis
1011 2319 1033 2366 a
1058 2319 1095 2366 se
1116 2295 1275 2391 juribus,

209 2427 282 2484 tam
299 2411 346 2484 ad
367 2436 517 2509 regnum
533 2427 569 2483 et
584 2411 749 2484 diadema
765 2409 921 2482 Franciae
938 2434 1047 2505 quam
1063 2409 1109 2481 ad
1127 2411 1278 2486 ducatus

209 2531 438 2602 Norm'anniae
452 2545 489 2602 et
506 2530 713 2628 Aquitaniae,
734 2527 883 2601 deberet
897 2527 1080 2600 exsolvere
1092 2552 1154 2600 rex
1167 2534 1275 2603 Fran-

208 2669 336 2717 corum
356 2647 553 2743 Anglorum
571 2647 646 2742 regi
668 2646 927 2742 quinquaginta
947 2642 1058 2717 millia
1077 2659 1177 2717 scuta
1196 2649 1274 2721 auri

208 2764 421 2858 quotannis,
444 2765 537 2835 inter
560 2787 622 2834 cos
646 2763 754 2834 etiam
775 2762 967 2834 contractis
985 2759 1211 2860 sponsalibus
1229 2763 1275 2837 de

208 2871 281 2950 fitia
305 2879 397 2977 regis
421 2879 633 2978 Anglorum,
668 2879 910 2977 primogenito
934 2883 1153 2980 Francorum
1182 2881 1276 2978 regis

207 2996 439 3067 matrimonio
455 2995 673 3095 copulanda.

256 3115 300 3182 Et
316 3137 361 3185 eo
379 3114 472 3184 inter
486 3138 561 3186 sese
577 3113 626 3186 ita
644 3137 815 3214 percusso
833 3111 980 3203 soedcre,
999 3113 1196 3209 anglorum
1212 3139 1274 3188 rex

206 3252 290 3300 cunr
302 3229 374 3300 suis
387 3228 589 3327 ingentibus
603 3229 716 3332 copiis
729 3231 867 3328 integer
878 3243 914 3302 et
926 3227 1065 3322 illaesus,
1080 3227 1178 3303 nulla
1191 3255 1273 3303 curn

206 3344 370 3418 hostibus
392 3347 654 3446 congressione
669 3347 762 3420 iacta
779 3372 847 3420 nec
862 3345 937 3418 ullo
952 3348 1146 3420 certamine
1162 3361 1275 3420 atten-

206 3474 282 3534 tato
308 3462 472 3560 quidem,
497 3465 688 3556 remensis,
711 3489 776 3562 per
796 3487 887 3562 quos
907 3478 1070 3554 venerat,
1094 3465 1203 3564 agris,
1226 3466 1274 3539 ad

206 3575 383 3678 oppidum
393 3605 499 3654 suurn
508 3581 685 3654 Calcsium
697 3595 731 3653 et
743 3581 779 3652 in
793 3579 955 3678 Angiiam
967 3580 1140 3680 repedare
1149 3585 1270 3683 coepit.

246 3847 275 3902 1.
297 3841 321 3902 11
339 3844 414 3902 esta
436 3862 607 3922 remarquer
619 3842 657 3903 ici
672 3861 730 3922 que
750 3843 876 3902 l'auteur
896 3841 1010 3904 semble
1026 3845 1140 3906 n’avoir
1161 3863 1213 3924 pas
1236 3865 1274 3905 eu

203 3931 409 3992 connaissance
425 3931 470 4008 ¹du
491 3944 672 4012 campemcnt
692 3931 744 3992 des
765 3931 885 4015 Angiaia
910 3933 1021 3995 devant
1034 3934 1173 4010 Amicus,
1189 3933 1221 3993 ni
1236 3934 1273 3995 de

202 4019 365 4096 l’entrevue
381 4022 432 4084 des
446 4023 523 4083 deux
536 4023 595 4082 rois
606 4025 623 4082 a
636 4021 806 4100 Picquigny.

245 4113 275 4170 2.
298 4113 379 4171 Cette
395 4115 477 4170 trave
496 4112 565 4172 etait
581 4111 618 4170 de
635 4123 698 4190 sept
714 4129 777 4170 ans.
792 4115 847 4170 Les
864 4109 1045 4188 stipulatione
1063 4108 1134 4168 dont
1150 4109 1206 4170 elle
1228 4111 1272 4171 fut

203 4203 415 4282 accompagnee
424 4201 665 4282 sentcnnsignees
675 4201 823 4262 danstrois
833 4213 910 4262 actes
920 4201 1002 4260 datis
1011 4199 1095 4260 duat
1104 4202 1270 4262 aodttdttt.

204 4289 325 4370 tengtar
337 4293 515 4370 Dniresnoy,
534 4293 699 4365 Commius,
716 4303 736 4352 t.
753 4295 807 4364 111,
822 4311 852 4371 p.
870 4293 928 4350 ³⁹7
943 4302 972 4350 et
982 4289 1056 4351 suiv.
