3384 5184
363 509 422 568 tat
635 497 892 568 fflsroattnurt
912 507 1091 570 LUDOVICI
1110 509 1153 566 Xl

363 639 689 742 (quemadmodum
713 664 823 739 supra
843 640 1075 738 retulimus),
1103 643 1141 713 in
1167 664 1239 712 suae
1267 639 1428 740 perfidiae

362 781 508 859 poenam
527 755 818 854 damnorumque
838 781 858 828 a
880 756 1110 831 sedatorum
1132 757 1348 830 nonnullam
1369 783 1428 832 re·

297 897 300 900 ·
361 898 608 972 compensam,
625 873 827 970 quingentis
844 872 1000 945 millibus
1017 873 1241 946 florenorum
1258 873 1426 947 Rhenan-

277 971 281 982 ’
362 991 475 1064 sium¹
492 988 654 1062 mulctati
668 1003 753 1061 sunt
776 1014 784 1058 :
813 1013 923 1086 quam
940 1013 1119 1062 summam
1143 1013 1208 1089 per
1223 1003 1341 1062 certos
1356 1004 1428 1064 ter·

362 1107 481 1179 minos
504 1103 709 1204 dependere
732 1102 927 1178 baberent.
956 1105 1069 1177 Simul
1091 1107 1198 1178 etiarn
1213 1101 1259 1177 'ut
1280 1131 1324 1178 ex
1343 1107 1428 1205 ipsis

363 1247 470 1321 supra
497 1219 694 1310 ducentos,
730 1243 822 1315 quos
850 1220 1150 1317 Burgundionum
1178 1221 1253 1292 dux
1281 1219 1429 1294 duceret

364 1335 626 1422 nominandos,
645 1335 811 1408 venirent
840 1335 1058 1428 Brucellam,
1086 1336 1186 1408 flexis
1206 1335 1380 1433 genibus,
1407 1361 1429 1410 a

363 1453 456 1526 duce
469 1450 650 1550 supplices
667 1451 810 1523 veniam
826 1450 1066 1548 deprecaturi,
1086 1450 1324 1549 sigillatasque
1338 1451 1430 1526 litte·

365 1595 423 1644 ras
450 1569 497 1642 de
525 1567 688 1668 capitulis
722 1592 900 1640 concessae
931 1583 967 1640 et
997 1592 1019 1641 a
1048 1593 1085 1641 se
1114 1582 1306 1668 acceptatae
1332 1571 1430 1668 pacis

365 1711 488 1762 secum
502 1686 691 1778 afferrent,
710 1682 868 1758 damnati
882 1697 979 1757 sunt.
1008 1689 1053 1756 Et
1067 1685 1140 1759 boc
1156 1685 1304 1784 quidem
1319 1685 1431 1760 adim·

366 1804 522 1903 plerunt,
535 1826 623 1900 pace
638 1799 848 1898 hujusmodi
864 1799 991 1872 litteris
1001 1815 1038 1872 et
1051 1803 1190 1898 magnis
1203 1802 1432 1874 sacramentis

366 1921 562 1994 roborata'.
576 1917 778 1992 Nonnullos
787 1917 896 1989 etiam
905 1917 1096 1990 solutionis
1105 1918 1278 1990 terminos
1285 1942 1432 1992 summat

369 2036 560 2137 praedictae,
580 2035 616 2128 in
631 2057 704 2132 qua
718 2031 1000 2125 mulctabantur,
1020 2033 1270 2108 observarunt.

306 2231 310 2244 ,
417 2150 638 2224 adveniente
653 2163 774 2221 autem
789 2163 929 2238 aestate,
956 2174 1042 2226 cum
1062 2150 1113 2223 illi
1137 2149 1301 2224 insensati
1327 2166 1362 2224 et
1378 2151 1433 2226 su·

369 2267 456 2342 riosi
473 2267 725 2356 Dinantenses,
748 2291 822 2338 non
842 2265 952 2338 modo
969 2292 991 2339 a
1007 2268 1080 2338 suis
1099 2267 1241 2366 probris
1257 2283 1292 2340 et
1309 2284 1435 2350 eontu-

370 2382 505 2475 meliis,
524 2407 614 2480 quas
632 2383 671 2454 in
686 2381 850 2479 praelatos
868 2382 1022 2456 illustres
1038 2384 1218 2484 principes
1236 2382 1432 2479 iaciebant,

372 2525 502 2574 senon
521 2499 749 2592 cohiberent,
779 2499 843 2573 sed
865 2500 972 2573 etiam
989 2501 1123 2573 eisdem
1143 2501 1254 2600 impia
1276 2500 1367 2574 lacta
1384 2502 1437 2572 in·

372 2617 585 2692 cendiorum
601 2631 708 2714 atque
723 2617 926 2717 praedarum
941 2618 978 2689 in
996 2632 1106 2690 terras
1124 2617 1433 2715 Burgundionum,

374 2735 412 2806 in
427 2735 483 2808 sui
501 2734 666 2827 exitium,
685 2731 933 2822 cumularent,
952 2759 1028 2807 non
1044 2734 1202 2808 valentes
1217 2733 1327 2808 iidem
1342 2735 1438 2834 prin·

374 2850 471 2947 cipes
491 2849 644 2923 illustres
658 2865 794 2922 tantam
811 2849 903 2922 ultra
918 2875 1045 2922 eorum
1062 2851 1218 2949 perferre
1235 2853 1435 2937 vesaniam,

375 2963 505 3037 iterum
513 2963 779 3063 expeditionem
789 2963 958 3058 validam,
971 2965 1017 3037 ad
1029 2964 1439 3040 contundendaseorum

378 3082 572 3179 nequitias,
598 3079 767 3152 adversus
784 3105 846 3152 eos
862 3095 1067 3177 coegerunt.
1093 3085 1136 3153 Et
1147 3081 1270 3156 eidem
1293 3082 1440 3180 quidem

377 3187 429 3268 illi
455 3196 693 3270 illustrissimo
721 3195 908 3296 Philippo,
933 3197 1008 3294 jam
1033 3197 1170 3270 morbis
1194 3222 1237 3271 ac
1260 3213 1442 3272 senectute

378 3312 566 3402 conlecto,
592 3337 668 3385 non
688 3312 771 3386 satis
788 3314 853 3385 luit
869 3313 986 3410 banc,
1006 3316 1057 3387 uti
1075 3315 1316 3414 praecedentes
1334 3342 1443 3415 expe·

378 3428 548 3520 ditiones,
567 3428 641 3502 filio
658 3428 862 3502 ducendam
873 3433 1112 3521 committere,
1130 3433 1199 3504 nisi
1211 3433 1445 3531 personaliter

381 3544 488 3616 etiam
505 3545 656 3644 ipsemet
672 3544 789 3618 e'idem
805 3547 1001 3622 interesset.
1030 3549 1122 3620 Cum
1146 3548 1243 3620 enim
1265 3548 1332 3648 ipsi
1358 3547 1445 3620 latui

422 3805 451 3864 l.
472 3803 645 3862 florensibus
663 3804 734 3866 daus
748 3805 775 3865 le
789 3825 844 3866 ms.
865 3809 988 3885 lacques
1003 3807 1145 3888 Duclerrq
1161 3809 1271 3869 enonce
1284 3822 1448 3870 autrement

375 3906 454 3961 ,cette
467 3893 606 3968 amende,
621 3894 716 3954 disant
729 3896 837 3974 qu’elle
850 3898 895 3956 sut
909 3897 945 3957 de
963 3901 1022 3958 600
1034 3901 1093 3960 000
1107 3899 1218 3959 mailles
1233 3899 1296 3959 d'or
1309 3898 1447 3982 payables

383 4005 420 4046 en
434 3985 479 4045 six
492 4005 555 4044 ans,
572 3989 737 4058 Memor'res,
750 3987 772 4047 l.
788 3991 824 4061 V,
839 3986 886 4049 ch.
903 4009 950 4045 nr.

424 4081 453 4135 2.
477 4080 517 4134 Le
530 4077 567 4132 22
580 4075 695 4150 janvier
710 4079 798 4137 1466.
815 4083 870 4136 Les
884 4077 982 4138 lettres
1000 4077 1037 4137 de
1056 4078 1234 4158 pacification
1253 4079 1381 4140 donntes
1395 4099 1448 4162 par

381 4167 410 4225 le
426 4179 520 4226 comte
539 4167 576 4228 de
589 4165 753 4240 Charolais,
773 4167 800 4227 le
814 4173 871 4244 tt,
889 4187 926 4228 au
940 4170 1071 4248 quartier
1082 4171 1198 4250 general
1221 4170 1258 4230 de
1275 4171 1447 4244 Vichtmale,

383 4269 449 4314 sont
462 4255 627 4336 imprimees
642 4256 714 4316 dans
728 4257 849 4336 Lenglet
863 4259 1040 4340 Dulresnoy,
1055 4262 1223 4334 Commines,
1239 4273 1259 4324 t.
1273 4263 1318 4336 11,
1334 4281 1363 4340 p.
1378 4262 1447 4320 stt.
