3282 5168
586 557 694 613 eman
713 555 897 629 Quantus.
1214 555 1272 614 rer

215 684 381 778 duxerat,
402 687 604 782 Sequanam
621 701 712 758 esset
728 673 971 764 transiturusl.
992 686 1032 759 ld
1048 701 1189 775 tamen,
1211 712 1272 760 seu

215 816 364 902 propter
395 803 563 876 transitus
594 800 840 874 difficultatem
867 817 903 874 et
929 802 1094 878 locorum
1126 803 1273 876 nimiam

151 928 153 932 ’
215 916 438 1007 distantiam,
466 943 528 990 seu
555 916 655 1015 quod
683 919 830 990 sentiret
854 917 1023 991 eumdem
1045 918 1194 1007 ducem,
1215 918 1273 990 cui

214 1029 406 1104 nonnullas
423 1032 544 1130 copias
560 1058 621 1104 rex
640 1032 786 1130 Angliae¹
799 1032 1006 1124 destinarat,
1025 1033 1072 1106 ad
1085 1031 1174 1105 lines
1190 1056 1274 1104 suos

215 1147 393 1220 tutandos¹
406 1150 489 1221 satis
507 1174 583 1221 esse
608 1151 825 1248 potentem',
845 1150 995 1221 minime
1020 1149 1135 1222 lacere
1162 1162 1275 1221 tenta-

214 1267 277 1338 vit.
301 1264 371 1337 Sed
389 1279 507 1339 vastos
525 1265 603 1338 illos
619 1265 821 1342 Caletenses
837 1289 941 1362 agros
965 1279 1192 1365 pervagatus,
1213 1267 1276 1364 qui

214 1382 308 1454 inter
337 1384 572 1455 Summonam
605 1398 641 1456 et
670 1385 873 1480 Sequanam
899 1382 1049 1454 flumina
1081 1383 1137 1454 siti
1169 1398 1273 1474 sunt,

215 1499 338 1570 omnia
353 1499 506 1571 nimium
522 1497 714 1572 crudeliter
732 1498 924 1589 vastando,
945 1499 1141 1571 cremando
1159 1515 1194 1573 et
1209 1525 1276 1600 po·

80 1670 88 1686 ‚
214 1612 396 1712 palando,
416 1614 680 1710 Rothornagum
693 1639 806 1712 usque
822 1613 1019 1687 contendit.
1039 1618 1081 1685 Et
1099 1613 1180 1687 licet
1195 1615 1277 1715 plu·

215 1753 271 1800 res
293 1727 389 1821 dies,
405 1753 448 1802 ea
461 1731 638 1829 patrando
652 1746 758 1828 atque
772 1730 923 1830 patriam
936 1731 1210 1822 circumeundo,
1226 1731 1276 1804 ibi

215 1860 414 1918 remoratus
435 1846 558 1934 luerit,
580 1863 616 1919 et
632 1848 669 1918 in
684 1847 791 1919 variis
812 1845 902 1918 locis
916 1859 1031 1918 castra
1053 1860 1203 1918 metatus
1218 1848 1276 1946 (in

166 1965 170 1985 ⁸
214 1960 346 2058 quibus
362 1983 529 2057 magnam
546 1963 630 2033 satis
645 1962 805 2060 inopiam
823 1984 975 2034 anuonae
994 1975 1029 2034 et
1055 1977 1276 2036 commeatus

214 2090 379 2176 expertus
401 2077 504 2174 fuit),
522 2078 627 2174 regiae
653 2093 771 2149 tamen
798 2077 932 2156 militiae
957 2076 1065 2150 duces
1085 2079 1274 2178 praecipui,

213 2195 276 2291 qui
301 2195 395 2266 circa
411 2208 563 2268 tractum
587 2193 688 2266 illum
706 2193 752 2266 ad
770 2193 945 2268 tuendam
964 2196 1115 2293 patriam
1131 2195 1277 2296 plurimi

214 2333 289 2382 esse
306 2308 526 2399 ferebantur,
544 2333 730 2407 nunquam
747 2335 829 2383 eum
842 2310 986 2408 aggredi
1001 2311 1098 2384 bello
1113 2336 1181 2384 nec
1193 2337 1275 2386 cum

214 2448 259 2498 eo
275 2425 445 2498 dimicare
460 2427 535 2498 ausi
553 2427 709 2500 luerunt.
728 2429 824 2500 Bene
835 2451 918 2498 cum
933 2425 1111 2524 aliquibus
1122 2427 1276 2503 militum

215 2541 424 2616 cohortibus
449 2541 631 2613 interdum
662 2567 684 2614 a
709 2540 818 2613 latere
839 2565 924 2614 eum
953 2541 1227 2638 adequitabant,
1247 2546 1276 2616 si

214 2683 306 2758 quos
323 2683 344 2730 a
360 2657 482 2730 castris
505 2672 540 2729 et
566 2657 723 2730 exercitu
738 2656 880 2753 longius
896 2654 1102 2729 aberrantes
1120 2657 1276 2732 invenis·

215 2788 313 2863 sent,
330 2772 385 2845 vel
405 2773 640 2871 perimentes,
659 2771 716 2844 vel
741 2771 902 2871 captivos
927 2771 1113 2861 ducentes,
1127 2787 1128 2792 ’
1143 2773 1205 2846 sed
1229 2773 1275 2847 ab

215 2889 374 2962 ineundo
392 2889 514 2987 praelio
535 2902 642 2987 atque
664 2889 860 2960 certamine
884 2887 1025 2986 penitus
1043 2903 1219 2961 cessantes
1235 2913 1277 2962 ac

214 3020 380 3084 caventes
398 3006 524 3104 (quod
541 3031 580 3079 se
596 3029 616 3077 a
633 3029 715 3101 rege
732 3005 768 3076 in
786 3002 963 3077 mandatis
985 3005 1165 3104 accepisse
1186 3005 1276 3078 fere·

214 3122 319 3195 batur
335 3147 356 3195 a
372 3121 595 3220 nonnullis);
612 3136 667 3212 et,
682 3121 712 3192 si
725 3121 874 3218 quando
886 3145 923 3199 se
938 3122 1085 3220 propius
1099 3121 1277 3193 admovis-

214 3255 313 3332 sent,
332 3265 415 3312 cum
431 3239 705 3337 Burgundiones
721 3237 789 3311 sibi
807 3237 950 3334 injicere
965 3240 976 3276 ⁸
989 3219 1273 3338 conspexissent,

214 3354 418 3454 perfugam
435 3381 507 3428 suae
525 3355 629 3428 saluti
643 3351 891 3427 consulebant.
1286 3355 1289 3369 ¹

264 3476 375 3544 Fuere
394 3487 514 3546 tamen
530 3470 676 3570 plurimi
696 3471 759 3568 qui
779 3469 975 3569 proditioni
990 3469 1131 3540 comitis
1143 3470 1276 3542 Sancti-

217 3589 337 3679 Pauli,
356 3586 561 3688 principalis
588 3587 697 3659 totius
720 3585 853 3658 militiae
879 3586 983 3682 regiae
1008 3585 1108 3658 ducis
1125 3600 1161 3658 et
1181 3588 1274 3684 regis

254 3859 283 3914 l.
306 3854 469 3916 commines
479 3853 521 3912 dit
531 3853 690 3913 seulement
703 3848 774 3929 qu’il
786 3849 864 3910 avait
872 3849 932 3930 pris
945 3850 1138 3912 rendae-vous
1147 3855 1163 3912 a
1172 3855 1275 3912 Rouen

213 3963 284 4004 avec
296 3943 325 4004 le
340 3943 396 4004 duc
412 3942 450 4003 de
462 3948 614 4024 Bretagne.
629 3945 664 4002 L.
680 3945 734 4018 111,
749 3962 774 4002 c.
794 3961 824 4000 x.

253 4037 283 4092 2.
311 4035 418 4110 Qud...
434 4055 472 4091 ex
488 4037 596 4112 Anglr'a
611 4031 683 4092 dans
700 4031 727 4091 le
742 4051 795 4090 ms.

255 4128 284 4184 3.
306 4126 412 4183 Fausse
427 4123 593 4197 conjecture
607 4123 645 4182 de
659 4121 792 4181 l’auteur.
810 4125 850 4181 Le
863 4119 920 4181 duc
936 4123 973 4182 de
989 4125 1143 4204 Bretagne,
1156 4121 1207 4202 qui
1221 4120 1273 4182 de-

213 4213 273 4272 vait
287 4217 437 4274 s'avancer
453 4215 596 4286 anuum,
612 4229 739 4288 manqua
752 4209 788 4270 de
803 4210 932 4291 parole&
948 4232 1000 4274 son
1015 4212 1094 4272 allie.

253 4307 283 4362 l.
306 4307 422 4380 Inycere
436 4301 508 4362 dans
523 4301 551 4361 le
565 4320 619 4361 ms.
634 4301 780 4362 aeut-atre
794 4307 946 4363 incurrere.
