3272 5182
583 551 693 610 LIBER
720 551 883 608 TERTIUS.
1205 551 1262 608 att

207 684 435 756 Normannioe
447 684 595 774 littora¹,
612 683 750 754 habeus
765 709 886 756 secum
902 708 1049 756 uxorem
1066 707 1183 776 suam,
1201 684 1264 756 du·

205 826 284 874 cem
306 800 508 892 Clarentiae,
528 825 699 896 generum
722 827 827 872 suurn
854 801 1080 898 Edoartlique
1098 802 1261 894 fratrem,

204 933 239 990 et
251 917 340 990 duas
353 917 452 1007 filias,
467 941 619 1014 quarum
630 942 702 988 una
715 917 831 988 eidem
844 917 927 990 duci
939 918 1123 990 Clarentiae
1136 934 1262 1016 nupta,

205 1036 409 1108 alteravero
424 1034 542 1104 adhuc
552 1034 704 1132 innupta
718 1047 805 1105 erat.
820 1035 928 1130 Cujus
945 1034 1135 1134 appulsum
1145 1035 1191 1106 ad
1202 1059 1264 1109 sua

203 1150 323 1223 littora
346 1141 564 1223 Francorum
590 1174 653 1221 rex
678 1165 719 1222 ut
745 1150 937 1240 intellexit,
966 1152 1070 1222 simul
1097 1152 1205 1222 etiam
1231 1167 1267 1225 et

205 1267 305 1366 quod
325 1267 386 1339 illo
407 1291 529 1340 secum
551 1266 690 1364 praedas
711 1265 909 1338 advexisset
931 1267 1073 1362 triginta
1093 1281 1156 1338 aut
1175 1291 1266 1365 qua·

206 1382 367 1479 draginta
385 1385 547 1476 navium,
565 1407 660 1484 ‚quas
677 1407 697 1454 a
715 1381 867 1452 subditis
887 1395 922 1452 et
943 1380 1073 1452 accolis
1092 1395 1266 1454 terrarum

206 1498 510 1594 Burgundionum
520 1497 633 1592 ducis,
652 1499 689 1569 in
705 1499 794 1568 nrari
809 1498 980 1591 navigans
995 1510 1031 1567 et
1046 1497 1264 1594 profugiens,

206 1626 413 1714 acceperat,
440 1641 524 1688 eurn
549 1615 645 1688 illico
673 1616 810 1714 magnis
835 1612 974 1711 excepit
1000 1626 1035 1684 et
1058 1629 1268 1711 prosecutus

206 1748 259 1805 est
276 1733 486 1805 favoribus¹.

255 1855 342 1938 Quae
363 1875 419 1922 res
440 1850 533 1920 illius
553 1851 668 1948 pacis,
692 1864 766 1921 tarn
787 1849 892 1921 arctis
913 1847 1143 1922 sacramentis
1160 1847 1268 1945 paulo

207 1981 289 2041 ante
306 1965 401 2064 apud
419 1971 594 2038 Peronarn
612 1966 774 2057 sirmatae,
793 1966 1003 2065 rumpendae
1019 1979 1125 2062 atque
1143 1963 1268 2036 dissol-

207 2083 331 2156 rendae
351 2082 539 2154 infaustam
558 2084 666 2154 nimis
685 2107 863 2182 superque
881 2082 1003 2170 nimis,
1027 2078 1120 2178 proh
1143 2077 1264 2152 dolorl

135 2254 140 2266 ·
207 2225 350 2274 causam
368 2199 496 2273 attulit.
516 2205 606 2272 Curn
621 2201 716 2272 enim
733 2226 909 2300 pauperes
925 2200 976 2270 illi
992 2199 1095 2271 ducis
1112 2204 1270 2296 Burgun-

208 2317 359 2391 dionunt
376 2317 528 2408 subditi,
548 2319 609 2415 qui
629 2317 779 2390 navibus
796 2317 952 2390 ethonis
970 2317 1043 2388 suis
1062 2315 1200 2388 fuerant
1219 2316 1269 2386 sic

207 2435 360 2533 spoliati,
378 2433 541 2505 dolentes
556 2449 590 2505 et
606 2435 745 2531 queruli
762 2433 806 2505 ad
822 2435 939 2531 ipsum
958 2431 1147 2502 dominum
1164 2455 1269 2502 suum

208 2551 465 2648 confugissent,
486 2565 680 2622 asserentes
699 2549 836 2648 praedas
857 2548 1041 2619 bonorum
1058 2569 1205 2618 suorum
1224 2545 1270 2618 ad

209 2668 435 2739 Normanniae
460 2665 625 2740 advectas
649 2666 769 2738 littora
791 2681 826 2738 et
850 2679 976 2763 portus
989 2667 1012 2757 ³,
1041 2664 1182 2760 illicque
1205 2685 1271 2760 per

208 2783 342 2856 dietum
357 2783 534 2883 perfidum
549 2781 718 2855 Worvr'elr
734 2797 769 2853 et
786 2781 951 2854 satellites
963 2805 1048 2852 suos
1062 2779 1223 2850 venditas
1236 2792 1272 2850 et

209 2899 411 2992 ets-uacus,
426 2925 534 2998 quern
547 2899 652 2970 etiarn
670 2922 752 2969 cunr
771 2897 875 2968 tantis
888 2921 949 2967 rex
963 2893 1164 2966 honoribus
1175 2918 1272 2966 acce·

210 3017 335 3115 pisset,
351 3017 557 3113 indignatus
571 3016 647 3114 ipse
661 3014 737 3086 dur
750 3014 982 3087 vehementer
996 3026 1103 3110 atque
1116 3010 1184 3082 illis
1199 3009 1271 3082 suis

209 3131 360 3204 subditis
380 3133 622 3232 compatiens,
648 3157 731 3204 curn
755 3133 930 3202 instarent
949 3128 1120 3200 nundinae
1142 3131 1272 3199 Pente·

210 3262 324 3319 costes
340 3248 437 3348 apud
452 3249 707 3346 Antverpiam‘,
721 3247 805 3339 illic,
819 3247 942 3320 edictis
958 3242 1180 3344 generalibus
1190 3242 1272 3315 alla·

252 3506 279 3560 l.
303 3505 328 3559 Α
346 3501 496 3562 llonlleur.

250 3594 280 3649 Ι.
302 3595 343 3650 Le
360 3592 404 3648 roi
419 3589 581 3669 cepcndant
598 3607 634 3648 ne
648 3589 690 3647 vit
708 3607 759 3666 pas
777 3607 848 3646 avec
865 3589 964 3667 plaisir
981 3589 1050 3665 qu'il
1070 3590 1179 3648 arrivtt
1193 3590 1273 3649 nanti

210 3681 261 3740 des
280 3679 440 3757 depouilles
459 3679 509 3737 cles
528 3678 616 3751 snjets
633 3676 868 3754 bourguignons‚
888 3689 916 3736 et
935 3677 955 3734 il
977 3679 1005 3735 lit
1026 3691 1089 3737 tous
1111 3699 1156 3738 ses
1175 3679 1274 3738 efforts

210 3791 285 3850 pour
304 3771 437 3829 l'induire
457 3773 473 3828 a
491 3770 563 3827 aller
581 3768 706 3847 prendre
723 3779 815 3840 terre,
832 3787 870 3825 on
887 3786 923 3824 au
943 3759 1036 3826 moins
1051 3773 1067 3826 l
1084 3787 1214 3846 envoyer
1228 3786 1273 3826 scs

210 3861 326 3921 navires
337 3882 395 3920 aux
408 3859 460 3919 iles
474 3864 586 3934 Jersey.
599 3859 668 3916 Voir
679 3858 721 3916 les
734 3857 917 3914 instructions
929 3859 1042 3935 portees
1056 3861 1071 3915 a
1084 3871 1129 3916 cet
1139 3857 1208 3916 elset
1222 3873 1274 3932 par

210 3952 238 4011 le
254 3952 388 4031 seigneur
400 3950 436 4010 tle
449 3949 658 4010 Concressault.
675 3947 794 4027 Lenglet
806 3945 982 4025 Dusrcsnoy,
999 3950 1165 4017 Comnu'nes,
1181 3959 1199 4008 t
1217 3948 1271 4016 ΙΙΙ,

211 4062 241 4120 p.
261 4045 330 4103 ΙΙΙ,
1016 4075 1022 4082 -

253 4135 280 4192 3.
307 4157 318 4184 α
332 4135 370 4190 Es
384 4129 484 4190 hables
498 4129 535 4188 de
549 4129 725 4188 Honnelleur
737 4140 766 4187 et
779 4128 941 4189 Harelleur.
959 4155 971 4182 u
987 4129 1095 4189 Chron.
1112 4123 1210 4184 seond.

252 4223 281 4281 l.
307 4245 321 4272 ι
336 4225 390 4280 Les
406 4219 493 4278 loires
505 4219 541 4277 de
553 4218 581 4277 la
591 4221 755 4292 Pentecote,
768 4222 917 4284 lanvers.
930 4247 943 4272 ι
958 4225 999 4279 Ia
1011 4219 1164 4279 Pentecote
1175 4214 1272 4275 tomba

133 4324 138 4332 ·
212 4323 284 4370 cette
298 4311 391 4370 annes
404 4311 433 4369 le
449 4313 487 4368 to
499 4308 573 4384 juin.
