3322 5172
333 475 391 532 tra
603 470 859 532 fflsmauuuu
878 451 1118 532 uunoviutu

333 630 459 706 pacem
474 603 655 697 babuisse,
673 601 810 675 tamdiu
823 601 1032 678 duraturam
1048 619 1224 712 quantum
1236 606 1396 684 humana

334 721 542 797 instabilitas
570 743 651 792 eam
682 717 811 792 durare
838 721 1074 819 permisisset,
1106 745 1217 824 quam
1248 722 1396 797 assiduis

334 829 436 912 bellis
451 860 526 908 sese
543 851 740 932 terrasque,
753 849 788 906 et
805 833 970 908 subditos
987 862 1073 910 suos
1089 852 1144 910 tot
1158 837 1395 912 anxietatibus

335 969 371 1029 et
382 950 644 1027 calamitatibus
659 950 905 1050 complevisse.
1237 1051 1241 1055 ·

385 1077 457 1145 Nec
475 1069 548 1141 hoc
568 1067 721 1141 dicimus
739 1080 868 1139 uttam
885 1064 1026 1168 perfido
1046 1085 1081 1142 et
1097 1067 1282 1170 foedifrago
1300 1069 1397 1143 hosti

337 1187 514 1261 ullatenus
533 1181 730 1275 confidere,
755 1196 816 1254 aut
835 1207 911 1255 sese
933 1182 991 1255 vel
1012 1197 1144 1256 statum
1160 1210 1265 1258 suum
1279 1185 1396 1258 eidem

213 1313 216 1320 ’
336 1303 480 1377 credere
500 1299 697 1392 debuisset;
724 1297 786 1371 sed
811 1298 929 1397 quod,
953 1324 1029 1372 sese
1051 1301 1233 1373 munitum
1256 1327 1399 1402 semper

336 1435 373 1493 et
390 1417 575 1520 provisum
593 1438 755 1510 servans,
776 1413 912 1487 utendo
933 1427 1041 1513 atque
1058 1416 1236 1515 potiundo
1256 1431 1398 1517 tempo-

338 1535 437 1608 rariae
459 1546 495 1605 et
518 1532 663 1605 incertae
680 1531 778 1630 pacis
799 1521 926 1624 bono,
942 1529 1049 1629 longe
1072 1532 1301 1632 paucioribus
1322 1559 1399 1607 sese

338 1673 491 1749 suasque
508 1664 619 1722 terras
638 1661 674 1720 et
691 1645 854 1720 subditos
872 1645 972 1721 malis
988 1647 1239 1749 implicuisset,
1256 1675 1366 1749 quam
1373 1657 1396 1745 ¹,

338 1767 466 1869 spretis
489 1779 598 1864 atque
625 1763 793 1862 neglectis
819 1761 1088 1838 conditionibus
1117 1767 1233 1867 pacis,
1261 1793 1336 1840 sese
1364 1783 1400 1840 et

340 1882 468 1956 milites
485 1906 583 1977 suos,
602 1895 674 1954 tam
701 1893 819 1953 aestate
843 1903 952 1978 quam
968 1877 1088 1954 bieme
1104 1897 1141 1954 et
1162 1883 1295 1983 iniquis
1313 1898 1401 1956 tem·

339 1999 503 2100 poribus,
520 1997 701 2096 fatigando
717 2012 754 2069 et
766 1995 978 2096 frangendo,
996 1997 1132 2095 absque
1148 1997 1270 2098 aliquo
1284 2000 1401 2074 fructu

339 2143 402 2191 seu
420 2114 626 2215 apparentia
639 2112 809 2205 victoriae,
825 2127 861 2186 et
875 2113 1011 2186 nedum
1026 2139 1129 2197 suam
1142 2115 1319 2210 militiam,
1338 2118 1401 2190 sed

340 2233 449 2305 etiam
474 2253 558 2303 suos
578 2228 741 2302 subditos
762 2244 799 2303 et
825 2245 935 2304 terras
957 2229 1092 2303 viribus
1114 2246 1151 2304 et
1174 2231 1401 2308 facultatibus

340 2345 597 2422 exhauriendo.
622 2349 706 2418 Erat
724 2347 822 2418 enim
837 2347 945 2443 longe
960 2345 1080 2445 dispar
1097 2361 1204 2445 atque
1223 2347 1402 2422 dissimilis
1486 2377 1497 2392 r

340 2489 446 2538 causa
463 2462 574 2561 ipsius
589 2475 624 2534 et
638 2462 752 2535 hostis
770 2463 838 2555 sui,
857 2467 1077 2536 Francorum
1092 2463 1198 2561 regis.
1219 2467 1309 2536 Nam
1325 2447 1402 2564 ipse

341 2583 561 2651 Francorum
586 2603 649 2652 rex
672 2592 747 2652 tam
770 2577 922 2650 latos·et
945 2579 1121 2678 spatiosos
1147 2579 1288 2680 imperii
1313 2579 1402 2656 fines

245 2719 258 2742 ⁸
340 2694 481 2789 retinet,
497 2695 685 2792 etlongam
696 2709 802 2793 atque
814 2697 1044 2769 inveteratam
1052 2693 1129 2792 jam
1139 2696 1401 2797 possessionem

341 2824 467 2883 nactus
484 2825 537 2884 est
552 2808 718 2910 quaeiibet
735 2824 771 2883 et
788 2811 1016 2909 quantumvis
1032 2811 1151 2910 gravia
1168 2811 1402 2885 collationum

221 2967 232 2992 ο
341 2943 450 3027 atque
468 2927 694 3026 vectigalium
715 2951 827 3008 onera
846 2942 881 3000 et
897 2925 1030 3000 tributa
1047 2927 1200 3001 subditis
1215 2929 1401 3031 imponere

341 3069 410 3144 pro
434 3044 512 3118 solo
535 3059 626 3117 nutu
650 3059 686 3117 et
709 3043 894 3117 voluntate
919 3066 1001 3134 sua,
1027 3043 1079 3116 sic
1102 3044 1201 3142 quod
1225 3045 1344 3118 nullus
1364 3046 1402 3118 iu

340 3187 452 3262 regno
466 3187 534 3237 nec
544 3161 731 3264 provincia
742 3159 888 3260 quidem
897 3185 984 3254 una,
996 3159 1057 3234 sed
1076 3185 1144 3233 nec
1160 3161 1281 3261 plures
1296 3162 1402 3236 simul

340 3279 522 3368 autetiam
532 3303 670 3372 omnes,
685 3291 812 3364 contra
823 3275 1014 3349 minimum
1025 3301 1173 3349 suorum
1185 3292 1402 3375 quaestorum

340 3392 415 3467 ullo
437 3410 543 3493 pacto
566 3393 739 3467 auderent
760 3392 903 3465 mutire.
920 3392 972 3465 Ad
989 3407 1125 3466 tantam
1138 3393 1235 3466 enim
1253 3395 1403 3466 servitu-

340 3524 414 3582 tem
448 3533 513 3582 sua
541 3509 668 3583 inertia
696 3523 732 3581 et
759 3524 859 3581 muta
892 3508 1062 3609 patientia
1096 3522 1403 3608 tyrannorumque

269 3673 275 3687 ·
341 3625 564 3700 immanitate
588 3638 673 3698 sunt
699 3625 845 3699 redacti.
870 3631 992 3725 Longe
1008 3640 1129 3698 autem
1146 3625 1265 3699 adhuc
1282 3625 1403 3700 aberat

340 3758 380 3816 ut
405 3755 503 3820 tanta
530 3736 670 3816 licentia
697 3743 734 3816 in
761 3747 863 3818 terris
892 3744 964 3818 suis
993 3744 1077 3817 duci
1108 3744 1402 3844 Burgundionum

341 3859 431 3934 soret
451 3861 639 3960 permissa3
660 3885 867 3959 quanquam
889 3857 1072 3950 dietenus,
1094 3877 1168 3934 tarn
1196 3863 1272 3962 ipse
1293 3887 1403 3959 quarn

341 3977 413 4070 sui,
437 3977 545 4050 totius
564 3977 697 4074 ingenii
714 3976 806 4050 vires
828 3977 1065 4050 intendebant
1082 3992 1139 4070 ut,
1164 3978 1262 4076 regio
1280 4003 1400 4070 more,

380 4230 411 4290 l.
435 4230 520 4302 Quod
533 4226 606 4288 daus
618 4226 647 4287 le
663 4245 716 4286 ms.
