3402 5186
399 529 437 588 50
665 521 921 582 mstotuttttttt
939 521 1116 580 tunovlcl
1135 523 1177 583 xt

399 653 569 752 seriisque
583 651 690 726 rebus
702 649 870 724 omnibus
884 651 1117 748 improvisum
1130 675 1176 724 ne
1188 653 1236 724 ita
1247 650 1336 725 illud
1349 653 1453 726 obire

399 769 580 867 cogendus
604 767 715 863 esset)
741 791 779 838 se
803 779 1009 839 exctuatum
1034 766 1128 864 apud
1155 791 1274 864 regem
1302 768 1448 859 faceret,

399 888 552 962 offerens
568 909 607 959 se
622 897 751 984 praesto
770 898 805 954 et
819 884 1024 956 ultroneum
1041 882 1141 955 adid
1163 908 1294 956 munus
1316 883 1453 957 obeun-

398 1001 504 1094 dum,
525 1002 553 1072 si
574 999 721 1071 classem
743 998 948 1068 instructam
975 1009 1010 1067 et
1036 995 1215 1074 mititiam.
1237 1012 1452 1098 caeterasquc

396 1142 453 1190 res
474 1116 521 1190 ad
545 1129 649 1188 tantae
673 1113 724 1184 rei
747 1111 880 1184 molem
902 1109 1154 1209 perficiendas,
1185 1112 1383 1185 concedere
1415 1127 1452 1186 et

398 1233 597 1304 ministrare
609 1227 727 1318 vellet,
743 1251 818 1298 nou
834 1239 887 1298 est
901 1224 1108 1315 exauditus;
1128 1225 1192 1298 sed
1210 1241 1347 1299 mature
1365 1252 1449 1300 cum

396 1349 518 1446 regina
537 1346 759 1420 transfretare
776 1357 829 1416 est
842 1342 991 1440 jussus¹.

445 1468 643 1561 Aggrcgans
664 1461 784 1558 itaque
803 1459 1033 1531 collectitium
1061 1460 1214 1533 militum
1239 1485 1450 1553 numerum,

396 1580 536 1653 circiter
548 1599 661 1677 usque
675 1575 720 1648 ad
735 1575 956 1672 octingentos
970 1574 1082 1668 viros,
1095 1590 1169 1648 tam
1183 1578 1268 1668 suis,
1279 1600 1389 1678 quam
1402 1601 1454 1650 re·

397 1696 486 1792 ginae
497 1693 723 1794 sumptibus',
737 1715 820 1763 cum
835 1690 964 1786 exigua
977 1703 1013 1761 et
1027 1691 1110 1762 exili
1121 1691 1231 1766 classe
1246 1694 1284 1764 in
1296 1695 1450 1766 Scotiam

323 1827 329 1837 ·
395 1833 479 1884 cum
492 1810 615 1907 regina
627 1806 775 1904 trajecit.
791 1803 860 1876 Ubi
873 1828 956 1876 cum
968 1805 1093 1878 Scotos
1103 1805 1149 1880 ad
1159 1807 1347 1880 serendum
1360 1813 1452 1881 Hen-

394 1926 469 2000 rico
489 1923 619 1998 auxilia
633 1923 858 2014 concitasset,
876 1934 912 1992 et
926 1920 1102 1994 nonnulla
1117 1945 1232 2023 eaque
1253 1947 1362 2022 parva
1384 1949 1451 2023 pro

395 2042 549 2114 Henrico
561 2041 711 2129 fecisset,
727 2039 840 2110 scotis
856 2051 954 2132 terga
971 2038 1210 2111 vertentibus⁸
1226 2055 1262 2112 et
1277 2042 1341 2133 eis,
1360 2067 1452 2142 quos

393 2181 514 2230 secum
538 2181 581 2230 ex
603 2156 822 2228 Normannia
844 2153 1010 2242 duxerat,
1036 2152 1082 2227 ab
1101 2155 1252 2252 Anglicis
1271 2157 1368 2230 coesis
1393 2158 1450 2229 fu-

393 2275 511 2371 sisque
521 2274 578 2347 vel
589 2271 746 2371 captivis,
762 2271 800 2342 in
813 2270 1068 2342 Normanniam
1081 2271 1211 2343 iterum
1227 2296 1311 2343 cum
1325 2271 1451 2346 eadem

392 2389 516 2487 regina
530 2389 651 2462 denuo
666 2388 784 2460 redire
800 2398 944 2458 coactus
963 2389 1049 2458 est⁸.
1075 2389 1162 2473 Quae
1178 2387 1285 2459 etiarn
1301 2386 1347 2460 dc
1364 2391 1451 2462 Sco·

393 2519 513 2576 torum
530 2501 601 2575 fide
616 2528 690 2575 non
708 2501 792 2574 satis
808 2525 951 2594 secura,
977 2498 1184 2574 Edoardum
1201 2502 1447 2600 impuberem,

392 2645 498 2694 suum
515 2620 728 2717 chricique
741 2619 831 2714 regis
848 2617 964 2690 filium
979 2619 1140 2708 unicum,
1158 2643 1281 2691 secum
1293 2619 1447 2712 advexit,

394 2751 429 2808 et
443 2762 465 2810 a
480 2740 629 2829 Rensto,
645 2758 726 2829 rege
741 2734 878 2823 Siciliae,
894 2747 996 2832 patre
1010 2757 1091 2825 suo,
1105 2750 1252 2833 accepto
1267 2734 1306 2806 in
1320 2733 1450 2807 ducatu

394 2851 554 2924 barrensi
567 2849 647 2921 loco
663 2846 709 2921 ad
725 2845 965 2932 menendum,
983 2846 1046 2917 ubi
1063 2846 1246 2920 fortunam
1265 2848 1449 2920 meliorem

391 2966 443 3062 (ei
465 2965 594 3037 divinae
615 2961 736 3061 pietati
760 2960 931 3060 placitum
956 2960 1118 3056 adesset)
1142 2963 1358 3061 operiretur,
1388 2962 1449 3036 illo

392 3081 564 3178 perrexit,
587 3093 623 3151 et
646 3101 711 3174 per
734 3100 848 3149 annos
863 3075 983 3176 plures
1002 3077 1073 3149 illic
1092 3076 1254 3171 delituit,
1278 3081 1355 3152 viro
1382 3071 1449 3151 suo

434 3357 463 3413 t.
486 3357 532 3412 Au
548 3349 646 3412 milieu
664 3349 763 3408 d‘rtorit
777 3350 876 3422 1462,
895 3346 923 3406 le
942 3345 987 3406 roi
1002 3346 1081 3407 etant
1100 3349 1118 3406 tr
1138 3351 1251 3407 Rouen.
1272 3348 1314 3409 Cf.
1330 3345 1451 3430 Lenglit

395 3443 570 3520 Dufresuoy,
587 3442 753 3512 commines,
767 3451 789 3499 t.
804 3443 844 3512 11,
859 3459 889 3517 p.
907 3439 978 3498 373.

434 3533 463 3594 Ξ.
486 3530 664 3606 Chastclain,
684 3529 734 3609 qui
753 3541 871 3588 roconte
888 3528 930 3587 les
947 3527 1118 3608 preparetiss
1134 3525 1170 3588 de
1188 3527 1375 3607 l’expedition
1389 3525 1453 3587 (Ιί-

395 3623 462 3702 pri-s
477 3619 505 3681 le
518 3605 656 3697 iecitque
671 3619 713 3677 tui
728 3637 765 3676 en
779 3617 855 3676 avait
868 3615 918 3675 tait
930 3617 1019 3676 Breze
1032 3616 1202 3692 lui-meme,
1217 3615 1341 3676 attribue
1356 3636 1393 3676 au
1408 3617 1453 3675 roi

394 3707 423 3770 lu
440 3709 603 3770 soumiture
624 3707 661 3768 de
675 3727 708 3766 ce
722 3705 886 3785 contingent
899 3703 935 3764 de
953 3705 1017 3764 huit
1036 3717 1115 3765 cents
1129 3704 1278 3781 hommes,
1297 3705 1370 3766 mais
1386 3723 1451 3766 sans

394 3811 497 3878 urgent
509 3815 584 3876 pour
596 3795 638 3856 les
654 3813 754 3876 ptysi.
769 3798 806 3852 1¹²
819 3793 927 3872 partie,
946 3815 1059 3856 cmm.

435 3889 464 3946 3.
487 3890 566 3945 Auo
580 3884 638 3944 lieu
651 3903 708 3962 que
721 3885 850 3962 Georges
862 3881 1023 3941 Chastelain
1037 3881 1151 3962 appelle
1166 3882 1231 3942 uel.

436 3979 464 4036 t.
488 3978 562 4034 C’est
575 3993 611 4032 en
625 3971 764 4043 flandre,
783 3990 820 4028 eu
838 3983 903 4048 port
919 3969 956 4028 de
972 3960 1110 4044 l'Ecluse,
1125 3982 1155 4030 et
1173 3990 1234 4031 non
1253 3991 1305 4050 pos
1323 3992 1360 4033 en
1375 3976 1451 4032 Nor-

396 4063 526 4137 mendie,
540 4081 598 4140 que
615 4061 714 4120 Pierre
726 4060 762 4118 de
780 4058 867 4118 Brezc
883 4077 1000 4117 romena
1014 4058 1043 4118 la
1059 4058 1141 4118 reine
1155 4059 1373 4140 d’Angleterre,
1389 4064 1405 4120 t
1424 4061 1452 4121 is

394 4155 434 4214 flu
449 4153 490 4212 du
503 4151 576 4210 mois
590 4145 974 4218 d’eout1t63.Chasteluin‚
990 4149 1030 4206 11·
1043 4149 1149 4228 partie,
1164 4169 1190 4208 c.
1206 4169 1274 4226 xm,
1290 4163 1319 4210 et
1331 4149 1452 4231 Lenglet

395 4241 570 4316 Duiresnoy,
587 4239 753 4310 Conrmines,
768 4248 790 4300 t.
807 4237 847 4312 11,
862 4255 892 4314 p.
909 4236 979 4295 178.
