3282 5168
358 312 401 388 ξι,

354 392 365 413 s

353 552 412 610 2⁹6
631 549 894 608 msroatlnusr
907 549 1086 610 LUDOVICI
1105 553 1149 611 XI
1268 549 1272 560 ⁴

353 695 557 782 quaegesta
588 682 776 755 constabat
802 682 950 755 eosdem
985 708 1108 757 coram
1141 685 1416 787 archiepiscopo

353 799 606 898 Burdogalensi
622 824 685 872 seu
700 799 776 896 ejus
792 799 941 890 vicario,
959 815 994 872 et
1014 801 1225 899 inquisitore
1242 803 1418 878 hareticae

351 918 548 1016 pravitatis,
566 913 729 1015 pluribus
751 913 985 1013 praesentibus
1007 916 1260 1015 spectabilibus
1282 933 1318 993 et
1340 921 1417 993 cla-

351 1034 499 1106 rissimis
521 1033 620 1122 viris,
645 1030 758 1103 divini
774 1045 810 1102 et
834 1031 988 1104 humani
1000 1032 1091 1130 juris
1108 1035 1243 1133 peritis,
1266 1036 1416 1135 aliisque

351 1150 533 1251 plurimis,
564 1146 711 1220 eosdem
736 1161 864 1246 sponte
893 1149 1030 1245 injure
1058 1149 1203 1247 publice
1231 1151 1415 1226 confessos

352 1266 470 1365 quod,
490 1288 608 1361 arege
632 1261 803 1336 conducti
823 1277 859 1335 et
881 1263 928 1336 ab
947 1288 993 1337 eo
1015 1265 1227 1339 muneribus
1236 1259 1416 1368 ¹susceptis

233 1388 245 1418 ‘
351 1380 607 1482 promissisque
623 1377 777 1475 pellecti,
793 1377 963 1452 adhibitis
977 1380 1280 1455 incantationibus
1294 1398 1330 1456 et
1341 1408 1417 1457 ma-

352 1498 462 1573 leficis
479 1496 695 1595 quibusdam
717 1495 867 1586 artibus,
893 1521 1074 1571 vencnum
1097 1498 1216 1572 eidem
1237 1500 1334 1594 duci,
1353 1500 1415 1573 do·

354 1618 454 1690 mino
470 1639 551 1706 suo,
567 1613 728 1712 eiusdem
739 1613 832 1711 regis
846 1631 1020 1710 germano
1035 1618 1160 1709 unico,
1174 1618 1417 1716 porrexissent

353 1748 389 1807 et
414 1729 644 1804 tradidissent
663 1755 672 1798 :
691 1727 800 1813 uude,
815 1728 948 1819 morbi,
969 1754 1079 1828 quem
1095 1730 1210 1806 suerat
1224 1758 1361 1832 passus,
1381 1747 1417 1806 ct

354 1847 441 1922 lethi
457 1833 728 1918 irremediabilis
743 1856 850 1916 causa
863 1843 1098 1943 provenisset.

404 1961 645 2038 Continebant
672 1959 781 2032 ctiam
804 1959 965 2057 ejusdem
994 1960 1097 2033 ducis
1124 1961 1314 2034 Britanniae
1343 1963 1418 2062 epi·

356 2082 454 2156 stolae
480 2076 593 2177 quod,
619 2100 703 2147 cum
731 2075 907 2149 exstincto
932 2090 969 2148 et
997 2090 1143 2149 mortuo
1170 2076 1301 2150 eodem
1328 2078 1419 2152 duce

357 2195 571 2294 Aquitania,
602 2190 711 2264 iidem
727 2189 878 2283 venefici
904 2206 1012 2290 atque
1039 2192 1191 2266 malefici
1216 2216 1261 2266 ex
1289 2193 1421 2267 Burde-

356 2313 434 2412 gala
451 2309 565 2402 adse,
585 2333 651 2406 per
667 2330 765 2380 mare
787 2306 932 2380 adducti
953 2307 1113 2396 luissent,
1133 2311 1261 2382 iterato
1276 2309 1422 2410 publice

358 2426 522 2503 eamdem
549 2423 813 2498 consessionem
838 2449 942 2497 suam
975 2425 1012 2496 in
1040 2427 1157 2524 patria
1182 2451 1269 2516 sua,
1298 2451 1422 2501 coram

358 2543 521 2645 plurimis
548 2541 687 2638 magnis
710 2555 745 2613 et
768 2539 840 2612 lide
859 2540 976 2638 dignis
1004 2542 1110 2632 viris,
1129 2541 1237 2616 nullis
1253 2543 1422 2619 adhibitis

359 2658 560 2746 tormentis,
576 2657 761 2730 iterassent
773 2671 809 2728 et
819 2680 942 2729 veram
954 2681 1029 2730 esse
1043 2658 1346 2734 confirmassent

408 2778 534 2855 Misera
551 2774 759 2847 mortalium
776 2772 968 2847 hominurn
984 2776 1160 2868 conditio,
1171 2799 1264 2851 caeca
1275 2779 1425 2854 etstulta

360 2893 514 2969 nimium
526 2889 676 2965 ambitio
690 2904 726 2963 et
740 2890 918 2990 cupiditas
930 2889 1162 2966 dominandi!
1184 2919 1264 2992 quae
1283 2909 1424 2970 tantum

361 3006 766 3100 adobtencbrandum,
791 3009 866 3080 imo
892 3023 929 3078 et
945 3008 1245 3106 exstinguendum
1260 3009 1424 3084 divinum

360 3127 450 3201 illud
464 3123 612 3198 rationis
636 3123 773 3214 lumen,
797 3147 871 3222 quo
897 3121 986 3194 nihil
1011 3122 1139 3196 melius
1164 3125 1211 3198 ab
1232 3128 1425 3202 immortali

401 3322 430 3378 l.
442 3316 466 3376 ll
475 3328 518 3376 cst
526 3313 594 3376 bien
604 3311 721 3372 difficile
727 3311 764 3372 de
775 3311 869 3372 croire
877 3332 934 3392 que
941 3312 983 3373 les
992 3331 1089 3374 aveux
1098 3313 1135 3374 de
1146 3317 1287 3379 Jourdain
1294 3322 1389 3382 Faurc
1397 3335 1427 3384 et

360 3409 397 3469 dc
412 3405 505 3467 Henri
519 3403 557 3464 dc
569 3407 611 3463 La
624 3400 723 3462 ltocbe
735 3401 813 3460 aient
826 3401 870 3460 dte
885 3402 909 3461 si
924 3403 1080 3483 complete,
1091 3405 1246 3484 puisqu’on
1257 3429 1295 3470 ne
1309 3423 1362 3489 put
1374 3431 1427 3491 pas

360 3517 398 3559 eu
411 3495 483 3556 faire
497 3494 584 3558 sortir
597 3510 655 3552 une
667 3490 890 3552 condamnation
902 3491 933 3550 ni
950 3495 1045 3553 meme
1061 3513 1101 3553 un
1115 3497 1218 3574 proces
1229 3517 1267 3558 en
1279 3499 1369 3580 regie.
1386 3505 1427 3561 Le

361 3587 418 3647 duc
432 3584 469 3644 de
483 3583 617 3643 Guiennc
635 3580 679 3640 lut
696 3580 741 3639 six
753 3579 827 3639 mois
840 3579 953 3640 malado
965 3601 1032 3642 sans
1045 3587 1134 3662 qu’on
1146 3589 1266 3665 scngclt
1279 3589 1295 3646 a
1309 3607 1428 3650 accuser

359 3679 387 3736 le
397 3674 453 3750 roi,
463 3673 612 3752 lorsqu’on
624 3667 771 3729 cherchait
782 3689 836 3749 par
847 3682 912 3730 tous
923 3670 966 3730 les
977 3691 1098 3751 moyens
1107 3675 1247 3754 possibles
1257 3679 1274 3737 l
1286 3677 1314 3738 le
1325 3691 1427 3740 mettre

359 3769 432 3826 dans
445 3783 486 3823 un
499 3760 630 3822 mauvais
644 3779 702 3818 cas.
714 3759 739 3817 ll
753 3759 860 3818 rdsulte
872 3759 909 3819 de
923 3759 1066 3839 plusieurs
1080 3763 1177 3842 piceas
1189 3766 1385 3845 imprimeesl
1400 3770 1428 3830 la

359 3857 435 3915 suite
457 3852 498 3912 du
511 3849 674 3938 commines
693 3849 730 3910 de
748 3849 870 3930 Lenglct
884 3851 1049 3932 Dufresnoy
1067 3859 1108 3930 (t.
1131 3861 1189 3932 111,
1208 3877 1239 3936 p.
1262 3861 1354 3937 tta),
1369 3879 1428 3940 que

358 3943 448 4006 Iouis
460 3945 504 4001 Xl
520 3942 551 4000 fit
564 3939 601 3998 dc
614 3939 696 3999 vives
710 3939 878 3999 demarches
894 3941 1000 4020 auprtis
1017 3940 1058 4002 du
1073 3943 1130 4003 duc
1143 3945 1180 4006 de
1194 3949 1337 4026 Bretagne
1352 3970 1428 4029 pour

357 4053 415 4114 que
428 4033 471 4092 les
484 4031 630 4111 prevenus
645 4030 754 4091 fussent
764 4029 848 4110 juges
857 4033 874 4088 a
884 4033 991 4091 Nautes
1005 4051 1059 4110 par
1066 4035 1272 4114 l’archevtque
1279 4037 1315 4098 de
1321 4042 1426 4107 Toum,

356 4124 457 4186 assiste
478 4122 514 4182 dc
533 4119 743 4182 commissaires
756 4137 794 4178 au
806 4119 893 4179 choix
905 4118 946 4178 du
959 4118 1027 4180 duc.
1045 4122 1080 4181 Ni
1097 4135 1171 4184 cette
1184 4123 1258 4186 effre
1268 4145 1307 4187 ne
1322 4127 1366 4188 lut
1378 4149 1425 4190 ac·

356 4216 467 4297 ceptae,
481 4215 512 4275 ni
525 4213 553 4274 le
561 4212 712 4293 jugement
722 4213 804 4270 n’eut
816 4209 891 4283 lieu;
906 4231 945 4272 on
955 4210 1041 4273 laissa
1056 4215 1168 4275 mourir
1178 4217 1318 4278 Jourdain
1332 4222 1426 4280 Faure

357 4325 394 4367 en
410 4306 525 4388 prison;
542 4322 581 4364 on
593 4322 631 4363 ne
644 4302 698 4362 sait
710 4319 762 4381 pas
775 4321 810 4362 oe
819 4321 877 4381 que
890 4301 994 4363 l’tutre
1009 4303 1122 4365 devint.
