3014 5010
576 432 686 491 LIBER
706 435 908 493 SECUNDUS.
1216 438 1275 495 lld

212 564 327 637 tocius
352 575 531 635 maturare
554 563 681 655 vellet,
709 567 865 638 maximo
892 563 1061 636 omnibus
1086 564 1224 638 civibus
1241 581 1276 637 et

211 679 334 776 patriae
357 675 488 750 accolis
512 676 672 750 suturum
697 680 825 752 solatio
847 693 882 752 et
911 680 1095 778 prasidi03
1115 679 1276 778 nihilque

210 816 321 893 super
353 793 524 890 regimine
563 809 599 866 et
631 792 758 867 officiis
782 796 975 894 provinciae
1002 796 1194 894 disponere
1219 797 1275 868 vel

211 907 404 982 decernere
419 908 542 998 vellet,
562 908 699 1003 donec,
719 910 841 984 babitu
854 937 917 1010 per
933 913 1162 1011 semetipsum
1178 912 1276 984 urbis

211 1024 458 1124 possessione,
487 1051 572 1098 suos
599 1026 721 1101 srdeles
748 1042 784 1100 et
807 1028 977 1118 devotos,
1002 1031 1066 1126 qui
1091 1029 1128 1100 in
1146 1027 1274 1100 eadem

211 1165 277 1239 per
301 1139 434 1214 multos
452 1140 527 1238 jam
558 1142 634 1216 dies
663 1169 769 1217 suum
789 1144 991 1241 jucundum
1020 1144 1275 1242 operiebantur

210 1257 427 1349 adveutum,
445 1259 646 1334 audiendos
661 1261 838 1355 duxisset3
859 1263 921 1359 qui
939 1287 1047 1361 super
1064 1262 1184 1335 multis
1208 1261 1275 1334 sibi

210 1399 253 1450 ac
269 1377 337 1448 toti
352 1378 476 1476 patriae
499 1376 735 1452 saluberrima
751 1377 901 1450 consilia
917 1377 1034 1450 daturi
1051 1395 1180 1452 essent.

258 1493 392 1566 Volens
402 1494 509 1591 igitur
524 1494 600 1593 ipse
610 1494 754 1591 juvenis
764 1497 933 1594 princeps
944 1495 1102 1593 optimus
1113 1496 1275 1593 cupiens-

209 1633 280 1707 que
310 1609 386 1682 suis
413 1610 553 1683 civibus
581 1610 826 1711 complacere,
862 1610 909 1684 ad
936 1613 1136 1707 ingressum
1169 1638 1273 1685 suum

208 1723 399 1825 praefinivit
411 1725 522 1800 diem.
542 1731 682 1822 Quem,
700 1755 784 1802 cum
797 1727 1007 1801 observasse
1018 1727 1269 1819 desiderasset,

208 1840 540 1940 importunitatibus
556 1845 734 1917 malorum
759 1845 951 1917 hominum
968 1846 1117 1918 minime
1135 1845 1206 1918 hoc
1221 1846 1273 1919 el·

208 1954 316 2030 licere
332 1959 461 2057 potuit.
482 1960 642 2034 Tandem
656 1987 740 2035 cum
756 1987 820 2063 per
846 1962 920 2034 dies
944 1961 1094 2051 multos,
1116 1963 1274 2060 primum

209 2075 397 2168 vernone,
418 2075 549 2149 deinde
566 2078 664 2177 apud
684 2078 992 2171 Pontem-Archa,
1013 2077 1134 2150 luisset
1158 2103 1275 2150 remo·

209 2201 327 2279 ratus,
359 2190 405 2263 ad
431 2196 690 2267 monasterium
713 2201 827 2267 Beatae
853 2194 1069 2283 Catharinae‚
1102 2194 1208 2266 situm
1236 2195 1272 2265 in

208 2306 342 2380 vertice
358 2311 491 2382 montis
508 2312 571 2409 qui
588 2311 769 2410 prominet
787 2312 960 2400 civitati¹,
980 2336 1063 2383 curn
1085 2310 1177 2383 duce
1198 2311 1273 2383 Bri·

209 2424 339 2495 tanniae
355 2428 514 2499 accessit.
722 2506 725 2514 ,

257 2543 339 2627 Quo
365 2540 448 2613 loco
478 2567 562 2614 cum
585 2567 650 2642 per
673 2543 794 2642 plures
820 2542 914 2633 dies,
944 2542 1274 2639 importunitatibus

208 2679 334 2729 eorum
352 2658 438 2754 qui,
456 2673 498 2730 ut
520 2658 694 2751 diximus,
716 2660 824 2730 totius
847 2658 969 2757 patriae
978 2658 1138 2730 honores
1150 2672 1185 2729 et
1196 2655 1274 2728 offi-

206 2773 263 2845 cia
279 2772 507 2862 ambiebant,
526 2776 633 2847 etiarn
652 2773 880 2865 substitisset,
905 2774 951 2846 ab
967 2773 1022 2846 his
1036 2775 1100 2871 qui
1117 2799 1160 2845 ex
1173 2774 1272 2845 omui

207 2888 397 2984 provincia
427 2888 691 2986 Rotbomagum
712 2904 957 2961 convenerant
969 2943 978 2980 ,
999 2888 1205 2960 solemniter
1221 2889 1273 2959 vi·

206 3002 424 3095 sitatussuit,
447 3005 551 3078 taedio
569 3030 700 3103 magno
723 3004 849 3105 procul
869 3003 982 3076 dubio
1000 3004 1152 3095 allectis,
1173 3002 1273 3101 quod

208 3142 335 3210 suum,
365 3121 528 3194 tamdiu
560 3121 825 3212 desideratum,
853 3121 1049 3193 retardaret
1075 3122 1112 3191 in
1141 3120 1271 3192 urbem

208 3236 419 3334 ingressum.
438 3240 588 3336 Fuitque
606 3238 848 3311 consalutatus
864 3263 906 3311 ex
921 3238 1043 3337 patriae
1061 3239 1191 3309 totius'
1206 3264 1272 3310 no·

209 3353 329 3447 mine,
347 3368 384 3426 et
400 3353 625 3427 orationibus
653 3353 873 3427 solemnibus
899 3353 1061 3447 duabus,
1090 3378 1214 3431 coram
1235 3379 1272 3425 se

208 3465 359 3562 habitis,
388 3494 455 3544 suo
483 3471 658 3545 adventui
684 3468 986 3567 congratulatum.
1017 3468 1156 3556 Quibus
1188 3494 1272 3541 cum

208 3583 393 3659 interesset
406 3601 441 3659 et
454 3611 608 3686 praeseus
621 3585 761 3659 adloret
776 3584 850 3656 dux
867 3585 1072 3674 Britanniae,
1091 3610 1174 3656 cum
1192 3608 1273 3656 suo·

208 3722 292 3772 rum
315 3699 544 3776 multitudine
570 3701 656 3800 (qui
687 3715 786 3773 tanta
819 3698 1017 3771 ambitione
1051 3698 1269 3798 flagrabant,

209 3815 255 3889 ad
279 3818 458 3891 custodias
482 3818 665 3892 civitatum
693 3814 912 3915 oppidorum
933 3829 969 3888 et
992 3830 1191 3890 castrorum
1208 3839 1272 3914 pa-

248 4005 282 4067 l.
303 4000 572 4064 sainte-catherine
585 4000 625 4060 du
641 4004 733 4071 blant,
748 3995 906 4057 au·dessus
918 3999 954 4057 de
967 4004 1080 4058 Rouen.

248 4094 278 4149 2.
301 4095 342 4150 Le
360 4110 415 4152 ms.
439 4091 536 4165 ajoute
550 4096 712 4165 pruvincia,
728 4089 778 4166 qui
796 4101 839 4147 est
855 4090 881 4147 la
896 4092 990 4149 meme
1005 4090 1092 4148 chose
1102 4106 1160 4165 que
1167 4094 1269 4161 patria

208 4189 302 4242 totius.
