3384 5184
632 540 741 598 LIBER
760 539 963 600 SECUNDUS.
1270 543 1327 602 117

267 671 369 744 omni
387 695 534 770 pmrsus
551 670 719 744 violentia
741 685 776 744 et
791 672 976 770 iniquitate
992 672 1185 764 abstinere;
1205 673 1328 748 dicens

237 771 240 779 ¹
266 810 322 875 se,
342 809 416 858 non
436 799 562 858 contra
578 810 717 882 regern,
738 785 800 858 sed
819 811 885 886 pro
903 811 946 859 eo
962 789 1081 886 potius
1098 803 1133 860 et
1156 789 1193 862 in
1217 789 1328 889 ipsius

266 902 436 999 regnique
459 903 515 974 sui
538 902 750 976 adventasse
776 902 954 996 lavorem3
985 904 1023 976 id
1043 904 1212 1003 idemque
1237 905 1327 979 alios

264 1019 444 1119 principes
457 1019 573 1114 regni,
591 1044 636 1090 ex
647 1018 837 1110 condicto,
852 1019 927 1091 fore
942 1019 1113 1111 facturos,
1130 1020 1206 1093 zelo
1217 1021 1328 1094 solius

266 1133 468 1233 reipublicae
496 1133 610 1231 (proh
636 1132 766 1229 dolor)
783 1134 934 1206 nimium
962 1137 1102 1208 enervis
1123 1149 1159 1208 et
1182 1136 1325 1227 lacerae,

265 1276 332 1324 nec
356 1251 411 1322 sui
438 1249 567 1349 privati
589 1249 774 1322 commodi
801 1273 919 1322 causa.
950 1255 1029 1350 lpsa
1055 1265 1174 1325 autem
1205 1253 1328 1326 civitas

264 1366 362 1462 regia
385 1389 451 1464 per
477 1379 594 1436 certos
611 1364 818 1464 deputatos,
839 1390 931 1462 quos
952 1366 998 1439 ad
1024 1367 1142 1465 ipsum
1160 1368 1329 1465 requisita

265 1482 485 1558 audiendum
507 1482 719 1571 destinarat,
739 1482 821 1554 licet
843 1482 962 1554 multis
976 1481 1095 1556 oblata
1109 1498 1144 1556 et
1158 1485 1327 1582 requisita

263 1602 464 1702 placerent,
490 1614 611 1672 tamen
640 1600 715 1671 sine
744 1599 844 1696 jussu
870 1599 962 1696 regis
992 1600 1111 1698 ipsum
1140 1601 1328 1674 admittere

255 1718 412 1840 &intro
427 1716 587 1814 recipere
606 1715 793 1788 recusavit.
852 1757 857 1766 .

312 1839 380 1906 lter
409 1847 530 1905 autem
562 1857 684 1904 versus
711 1831 862 1904 Parisios
889 1831 1016 1930 agebat
1040 1831 1113 1904 dux
1138 1833 1325 1906 Britonum

262 1975 345 2024 cum
370 1974 436 2022 suo
455 1949 646 2042 comitatu,
675 1949 755 2045 qui,
782 1973 845 2046 per
867 1966 986 2048 partes
1010 1949 1265 2023 Cenomanniae
1291 1967 1326 2024 et

263 2064 504 2137 Vindocinum
525 2063 721 2164 oppidum,
742 2063 789 2136 ad
806 2065 975 2137 comitem
993 2063 1039 2138 dc
1058 2066 1244 2138 charoleo-
1265 2093 1326 2141 ac·

262 2179 388 2298 cedere
402 2196 438 2253 et
454 2206 530 2253 sese
549 2179 665 2253 eidem
680 2179 829 2277 jungere
848 2180 1078 2280 properabat.

275 2287 399 2386 ‘Quae
411 2322 495 2369 cum
511 2321 572 2369 rex
597 2295 840 2386 intellexisset,
858 2297 921 2394 qui
937 2298 1074 2390 adhuc,
1094 2312 1133 2371 ut
1151 2297 1323 2391 diximus,
1353 2277 1362 2299 ⁸

261 2414 298 2484 in
322 2412 546 2484 Borbonensi
565 2427 672 2507 atque
696 2412 903 2485 Bituricensi
927 2414 1113 2486 territoriis
1142 2429 1219 2487 erat
1241 2439 1326 2486 cum

262 2528 424 2602 maximis
442 2528 574 2627 copiis,
603 2529 735 2600 veritus
759 2554 805 2600 ne
827 2527 982 2600 fortassis
1006 2529 1100 2626 regia
1127 2529 1234 2604 etiam
1262 2555 1326 2603 sua

264 2645 482 2734 Parisiensis,
501 2645 529 2714 si
547 2643 601 2720 sui
620 2646 778 2740 germani
794 2645 1016 2742 praesentiam
1035 2669 1077 2717 ac
1093 2645 1194 2717 ducis
1211 2645 1324 2716 Brito-

260 2785 361 2852 num,
381 2786 464 2834 cum
482 2761 596 2861 copiis
610 2761 744 2861 praelati
758 2762 898 2834 comitis
913 2758 958 2833 de
978 2761 1162 2832 Charolois
1180 2761 1325 2857 juncto·

257 2881 356 2950 rum¹
371 2875 417 2950 ad
431 2879 588 2950 invicem
602 2878 751 2969 videret,
763 2891 898 2950 mutata
910 2878 1097 2976 opinione,
1109 2875 1154 2948 ad
1164 2900 1226 2948 eos
1236 2877 1325 2948 reci-

260 2991 414 3090 piendos
430 3018 507 3066 sese
523 2994 697 3083 flecteret,
718 2994 861 3066 concito
882 3015 1004 3089 gressu
1022 3009 1067 3064 ac
1084 3015 1322 3091 perpropero,

260 3109 468 3180 transmisso
483 3134 547 3208 per
564 3109 853 3181 Aurelianensem
868 3106 995 3178 urbem
1012 3107 1143 3204 Ligeris
1156 3107 1323 3196 flumine,

260 3222 306 3294 ad
323 3225 588 3324 occurrenssrm
606 3225 802 3297 discrimini
824 3247 907 3296 cum
927 3225 998 3296 suis
1016 3225 1197 3322 equitibus
1213 3222 1327 3294 advo-

258 3339 356 3412 lavit.
377 3345 541 3414 Metuens
556 3343 651 3412 enim
664 3367 710 3414 ne
729 3342 764 3413 in
776 3367 890 3414 unum
909 3356 1065 3438 utraeque
1078 3341 1191 3439 copiae
1199 3340 1327 3437 junge·

260 3470 403 3548 rentur,
422 3455 563 3528 comitis
580 3456 711 3528 scilicet
730 3457 774 3528 de
801 3456 986 3528 Charolot's
1004 3470 1039 3527 et
1059 3456 1161 3528 ducis
1187 3456 1324 3526 Britan-

258 3572 347 3665 niae,
367 3575 428 3672 qui
452 3575 488 3644 in
509 3575 624 3646 Beleia
643 3574 717 3670 J'am
741 3571 851 3646 ambo
873 3576 1013 3664 erant’,
1034 3573 1080 3646 ad
1099 3587 1253 3671 quatuor
1269 3571 1326 3642 vel

300 3844 328 3901 1.
352 3845 467 3898 Iunctos
481 3839 554 3900 dans
569 3841 597 3902 le
610 3861 663 3902 ms.

299 3933 331 3991 2.
353 3930 421 3988 Cela
436 3933 510 3988 n'est
527 3949 578 4008 pas
599 3941 692 3993 exact.
715 3935 756 3990 Le
773 3942 867 3988 comte
886 3929 923 3988 de
940 3928 1088 3990 Charolais
1105 3929 1205 3988 n'etait
1220 3946 1327 3987 encore

257 4019 326 4098 qu’a
340 4018 532 4079 Saint·Cloud
549 4019 576 4078 le
589 4024 626 4079 tt
639 4020 745 4094 juillet,
760 4032 789 4079 et
802 4019 821 4078 il
838 4019 925 4078 n’alla
941 4039 992 4099 pus
1006 4019 1071 4099 plus
1085 4020 1143 4078 loin
1157 4037 1215 4096 que
1228 4020 1327 4076 Mont-

255 4110 341 4188 lhery
352 4121 441 4168 avant
454 4107 568 4166 d’avoir
581 4109 733 4169 rencontre
747 4109 835 4168 Louis
844 4113 896 4170 x1.
912 4113 1008 4186 Quant
1024 4129 1081 4169 aux
1095 4114 1226 4182 Bretons,
1238 4117 1326 4185 ayant

255 4201 347 4279 quitte
368 4200 518 4260 Venddme
546 4220 581 4259 en
606 4203 700 4258 meme
724 4213 815 4280 temps
839 4220 896 4278 que
920 4203 961 4260 les
985 4199 1206 4280 Bourguignons
1229 4195 1325 4257 Saint-

256 4290 366 4366 Cloud,
383 4289 418 4349 ils
432 4289 594 4348 arriverent
610 4292 626 4347 a
641 4284 774 4368 Erumpes
790 4289 950 4350 seulement
962 4290 991 4349 le
1005 4293 1042 4348 19
1056 4287 1163 4364 juillet.
1273 4366 1291 4399 ο
