3384 5184
578 547 689 604 LIBER
709 547 909 606 SECUNDUS.
1039 579 1043 588 ·
1206 553 1270 642 'lli

218 683 347 752 ducem
362 703 511 770 novum,
528 703 611 749 cum
623 678 681 750 ille
693 678 770 762 dies
782 677 920 751 adesset
928 702 1000 776 quo
1015 703 1052 752 se
1062 681 1271 778 promiserat

218 797 470 868 adventurum.
490 797 674 866 Venerunt
688 809 808 866 autem
821 795 926 866 simul
949 797 985 868 in
1011 794 1133 868 debito
1149 821 1190 870 ac
1208 799 1273 872 de-

219 912 314 984 centi
329 910 456 982 ordine
473 909 644 1007 usquead
658 909 842 1008 praefatum
852 913 1121 1006 monasterium,
1137 912 1273 1013 absque

220 1028 293 1100 ullo
312 1053 458 1126 prorsus
484 1027 639 1098 tumultu
656 1027 713 1100 vel
730 1029 891 1126 strepitu,
911 1027 1046 1126 populo
1062 1029 1184 1126 quieto
1202 1056 1275 1104 ma-

219 1159 326 1218 nente
343 1145 380 1215 in
398 1143 551 1214 civitate.
571 1141 625 1216 Ad
641 1167 749 1240 quam
764 1144 891 1236 etiam,
917 1167 1002 1215 cum
1017 1168 1084 1216 suo
1103 1145 1194 1217 duce
1214 1171 1274 1220 ex·

218 1261 426 1362 speetabant
450 1277 557 1360 atque
584 1260 779 1360 sperabant
797 1259 989 1353 advenire,
1013 1286 1169 1359 eumque
1202 1287 1276 1336 non

217 1380 337 1455 minus
363 1401 473 1476 quam
495 1402 599 1450 suum
617 1377 821 1476 proprium,
843 1375 964 1449 sestive
985 1390 1020 1450 et
1040 1376 1200 1451 hilariter
1222 1405 1278 1452 ex·

218 1497 337 1595 cipere
348 1492 478 1566 ducem
496 1494 696 1566 Britannia.
715 1483 787 1564 Sed
807 1491 880 1564 heu
900 1492 1010 1590 (proh
1027 1493 1169 1589 dolor)l
1195 1509 1279 1568 tunc

164 1659 166 1666 ›
219 1611 347 1701 dolus,
380 1611 442 1708 qui
473 1609 537 1682 diu
571 1609 745 1701 latuerat,
777 1609 815 1679 in
845 1623 1005 1707 apertam
1040 1611 1279 1684 manifestam-

219 1753 289 1826 que
314 1726 431 1800 lucem
458 1726 599 1825 erupit,
624 1739 659 1797 et
676 1725 813 1796 cunctis
837 1723 978 1822 patulus
1002 1739 1038 1796 et
1065 1728 1280 1825 conspicuus

219 1842 296 1916 tuit.
309 1846 398 1916 Nam
409 1842 480 1914 dux
496 1843 571 1940 ipse
582 1840 783 1932 Britanniae,
795 1840 944 1939 apravis
956 1839 1164 1914 hominibus
1176 1841 1279 1915 Belial

218 1957 426 2032 satellitibus
454 1981 663 2056 persuasus,
691 1956 841 2028 minime
865 1954 996 2029 ducem
1021 1981 1156 2029 novum
1182 1983 1280 2032 asso·

218 2073 312 2145 ciere
330 2071 463 2163 voluit,
486 2072 549 2144 sed
563 2071 609 2145 ab
624 2096 668 2144 eo
685 2095 722 2144 se
739 2071 881 2169 penitus
897 2072 1050 2169 sejunxit
1066 2088 1101 2145 et
1115 2072 1279 2146 abscidit.

267 2188 337 2260 Sed
355 2213 431 2259 non
448 2213 493 2260 eo
509 2189 627 2261 minus
643 2187 747 2260 valde
763 2187 972 2261 solemniter
993 2189 1059 2262 tuit
1076 2216 1192 2265 novus
1209 2193 1282 2264 dux

219 2307 371 2377 insuam
392 2304 531 2398 urbem,
549 2331 634 2377 curn
653 2306 728 2402 jam
744 2330 817 2376 nox
833 2319 925 2376 esset
940 2304 1108 2398 obscura,
1131 2333 1214 2380 cum
1233 2310 1281 2383 la-

218 2420 318 2493 cibus
334 2437 370 2494 et
387 2421 485 2492 tadis
501 2422 677 2520 plurimis,
696 2421 862 2493 tenebras
876 2421 991 2494 noct'u
1008 2421 1232 2520 abigentibus
1247 2439 1281 2498 et

218 2538 463 2629 vincentibus,
482 2537 732 2626 introductus,
752 2562 835 2608 cum
852 2561 983 2634 magno
1001 2539 1110 2611 totius
1131 2541 1229 2614 urbis
1246 2561 1281 2616 et

219 2655 343 2754 populi
360 2656 563 2756 applausu¹.
592 2659 758 2744 Quorum
774 2669 894 2727 tamen
911 2655 1130 2730 alacritatem
1143 2674 1179 2732 et
1197 2661 1280 2734 taeu-

218 2777 303 2850 tiam
322 2803 395 2850 non
418 2801 546 2876 pamm
566 2774 783 2848 amaricabat
797 2773 1096 2874 deturbabatque‚
1112 2779 1213 2876 quod
1228 2784 1279 2856 sic
1302 2825 1303 2830 =

218 2895 310 2966 inter
339 2893 537 2990 principes,
562 2889 747 2990 paululum
771 2904 875 2963 autea
904 2905 1003 2963 tanta
1027 2891 1277 2969 benevolentia

216 3010 370 3106 junctos,
389 3010 512 3082 taleae
529 3022 668 3082 tantum
686 3006 856 3079 obortum
871 3031 947 3080 esse
965 3007 1160 3083 audiebant
1175 3013 1277 3087 dissi·

218 3125 331 3198 dium.
357 3130 408 3198 Ea
424 3125 601 3223 siquidem
620 3137 723 3196 nocte
747 3147 819 3220 qua
842 3124 1022 3219 ingressus
1038 3142 1092 3199 est
1107 3127 1276 3204 dominus

218 3242 385 3331 Carolus,
414 3241 641 3314 Normanniae
666 3238 756 3331 dux,
790 3238 996 3336 predictam
1020 3267 1123 3318 suam
1148 3247 1274 3322 urbem

220 3356 493 3456 Rothomagum,
509 3353 716 3452 retrogrado
737 3355 885 3452 vestigio
897 3355 970 3428 dux
985 3359 1170 3433 Britonum
1189 3388 1273 3437 curn

217 3475 289 3546 suis
319 3474 365 3546 ad
395 3470 682 3546 Pontem-Archa
706 3472 902 3568 repedavit.
927 3474 998 3560 Qui
1026 3489 1061 3548 et
1085 3502 1274 3575 persuasus

218 3587 438 3686 perfidorum
452 3588 641 3660 satellitum
658 3611 807 3658 suorum
824 3589 1107 3684 suggestionibus
1120 3595 1217 3694 (qui,
1237 3625 1275 3672 se

217 3705 348 3776 iterum
363 3704 409 3776 ad
425 3729 546 3801 regern
565 3704 808 3792 revolventes,
835 3705 975 3802 potiora
995 3706 1094 3782 lucra
1113 3726 1149 3783 et
1167 3739 1274 3788 com-

216 3819 349 3916 pendia
364 3819 409 3892 de
423 3846 467 3893 eo
486 3820 535 3893 ob
550 3820 758 3918 hujusmodi
778 3843 878 3891 suam
894 3819 1068 3918 insignem
1087 3828 1274 3925 perfidiam

259 4117 287 4174 l.
313 4116 393 4173 Cette
408 4112 571 4172 ceremonie
590 4124 639 4172 eut
656 4111 716 4169 lieu
732 4107 761 4167 le
779 4110 816 4166 10
836 4106 989 4170 decembre
1003 4115 1099 4188 rtet,
1121 4113 1235 4194 d'apres
1252 4117 1279 4180 le

217 4203 339 4284 registre
358 4199 528 4281 capituiaire
551 4201 587 4260 de
608 4198 717 4279 l'eglise
737 4195 774 4257 de
790 4199 902 4259 Rouen.
917 4199 1122 4262 Voiri’extmit
1142 4209 1279 4292 rapport&

221 4293 315 4372 parmi
328 4291 371 4352 les
384 4293 481 4373 pieces
495 4291 536 4351 du
547 4289 692 4350 troisieme
706 4289 833 4350 volume.
