3272 5182
595 601 706 656 LIBER
730 601 894 657 TERTIUS.
1216 601 1269 657 221

269 729 375 826 {gitur
389 727 517 801 talibus
532 727 656 800 future
672 728 915 800 dissensionis¹
931 744 965 802 et
982 731 1089 802 futuri
1103 729 1185 802 belli
1199 733 1275 829 qui·

215 845 368 918 busdam
381 845 490 917 veluti
501 843 680 945 praeludiis
690 843 834 935 habitis,
849 845 951 943 legati
965 859 1000 919 et
1012 848 1167 946 epistolae
1181 848 1273 919 ultro

214 964 378 1060 citroque
398 976 565 1052 currunt,
585 973 772 1059 poscentes
788 960 991 1034 ablatorum
1006 975 1042 1034 et
1056 962 1122 1034 sub
1139 976 1273 1035 arresto

216 1077 446 1150 detentorum
478 1075 554 1148 fieri
584 1077 751 1175 utrinque
778 1077 1037 1149 restitutionem
1064 1104 1071 1148 :
1101 1077 1273 1150 offerente

213 1219 255 1268 ex
277 1210 377 1293 parte
400 1219 465 1268 sua
486 1194 782 1292 Burgundionum
805 1194 915 1283 duce,
938 1217 1019 1266 eam
1038 1219 1075 1266 se
1097 1193 1273 1266 facturum

213 1311 302 1402 fore,
321 1311 434 1383 modo
451 1311 611 1382 similiter
629 1336 688 1383 rex
707 1311 813 1382 etiam
832 1316 1051 1383 Francorum
1068 1308 1274 1408 disponeret

213 1428 503 1525 exsecutionique
520 1427 716 1499 mandaret.
735 1431 777 1497 Et
790 1427 936 1524 quidem
950 1452 1014 1526 per
1028 1427 1163 1524 aliquot
1177 1451 1274 1498 men·

213 1567 269 1616 ses
283 1559 318 1616 et
332 1544 396 1615 diu
409 1545 494 1617 satis
509 1544 684 1616 creditum
698 1557 750 1614 est
765 1541 841 1615 fieri
853 1541 996 1615 debere.
1013 1543 1083 1614 Sed
1097 1543 1272 1640 quidquid

213 1659 270 1731 vel
282 1661 436 1757 justitiae,
455 1659 512 1732 vel
528 1656 787 1732 benevolentiae
805 1657 911 1729 verba
929 1658 1197 1757 protenderent,
1218 1684 1274 1731 res

214 1775 296 1872 ipsae
308 1801 447 1875 semper
459 1773 854 1863 indeterioraruebant,
862 1774 1157 1871 jaciebanturque
1167 1789 1273 1872 atque

214 1891 493 1989 exquirebantur
509 1916 573 1990 per
596 1915 717 1987 regem
732 1888 907 1962 inferendi
925 1889 1157 1964 fundamenta
1173 1890 1269 1964 belli.

263 2007 323 2079 llle
339 2003 445 2079 ‘enim
472 2005 729 2104 perfidissimus
751 2006 915 2105 proditor
939 2007 1128 2096 Warvielr,
1147 2008 1272 2079 videns

214 2149 251 2196 se
276 2149 388 2219 regno
417 2123 547 2220 Angliae
573 2138 607 2195 et
631 2124 742 2221 patria
766 2123 936 2219 ejectum,
967 2148 1035 2196 nec
1055 2123 1100 2194 ad
1126 2149 1273 2224 recupe-

213 2239 366 2311 randum
381 2239 530 2337 patriam
549 2252 584 2309 et
600 2262 659 2330 ea,
680 2262 759 2336 quae
777 2237 914 2335 fugiens
931 2240 1146 2337 reliquisset,
1167 2241 1273 2313 aliam

213 2355 280 2427 sibi
304 2355 407 2427 facile
430 2370 550 2453 patere
577 2379 681 2452 posse
702 2355 815 2444 viam,
844 2378 953 2452 quam
984 2357 1012 2426 si
1041 2358 1092 2428 eis
1116 2383 1209 2455 quos
1235 2359 1271 2429 in

214 2472 338 2568 Anglia
362 2470 518 2542 habebat
545 2469 748 2542 favoribus*
771 2471 877 2542 etiam
901 2496 962 2543 eos
986 2495 1077 2569 quos
1099 2475 1273 2546 Henricus

213 2613 291 2678 rex,
311 2589 348 2658 in
365 2588 568 2686 captivitate
585 2584 768 2677 detentus,
789 2585 908 2658 adhuc
925 2588 962 2658 in
979 2587 1087 2683 vulgo
1098 2591 1273 2687 plurimos

213 2702 388 2795 habebat,
417 2704 454 2773 in
483 2727 595 2773 unum
616 2701 782 2797 jungeret
800 2716 906 2798 atque
923 2702 1128 2800 copularet,
1147 2730 1273 2780 omnes

212 2843 294 2892 suas
310 2833 402 2892 artes
422 2819 469 2890 ad
485 2816 745 2890 machinandos
762 2817 866 2889 dolos
883 2833 918 2890 et
933 2819 1174 2916 proditiones,
1192 2821 1274 2918 qui-

212 2934 280 3008 bus
308 2936 493 3033 insigniter
517 2951 593 3009 erat
628 2950 734 3032 atque
769 2935 958 3034 opulenter
986 2935 1196 3026 instructus,
1226 2939 1273 3011 ad

213 3075 293 3125 eam
329 3078 403 3125 rem
438 3052 695 3151 perficiendam
726 3053 915 3124 contraxit.
948 3051 1110 3125 Habebat
1140 3055 1273 3155 quippe

213 3167 310 3262 apud
332 3167 461 3264 vulgus
488 3168 734 3264 anglicanum,
758 3191 851 3265 quos
872 3165 941 3238 sibi
963 3167 1067 3239 variis
1086 3172 1221 3241 astutiis
1239 3187 1274 3243 et

214 3281 477 3373 moliminibus,
511 3284 698 3357 onerando
733 3299 768 3356 et
794 3284 1014 3383 inculpando
1041 3286 1270 3378 Edoardum,

214 3414 456 3497 compararat,
484 3400 800 3499 quamplurimos⁸.
822 3403 991 3475 Similiter
1012 3404 1118 3476 etiam
1140 3421 1174 3478 et
1195 3405 1274 3476 vul-

212 3624 442 3684 recriminations
459 3642 516 3701 que
533 3623 735 3683 s'adressaient
750 3624 793 3683 les
807 3623 884 3683 deux
898 3627 1004 3706 partis,
1023 3641 1052 3687 et
1064 3630 1202 3688 conclure
1217 3647 1275 3708 que

212 3715 338 3790 chacun,
357 3735 393 3774 en
410 3715 544 3773 affectant
559 3712 595 3772 de
613 3733 644 3773 se
662 3713 764 3772 tenird
779 3714 881 3774 cheval
894 3735 944 3775 sur
958 3718 985 3776 lc
1002 3718 1094 3790 droit,
1112 3739 1150 3778 ne
1166 3719 1276 3778 voulait

212 3817 294 3864 autre
306 3805 393 3864 chose
405 3825 462 3883 que
475 3802 615 3863 broniller
625 3804 652 3862 le
662 3804 724 3878 jeu,
739 3814 768 3858 et
778 3814 899 3861 trouver
910 3824 950 3863 un
959 3804 1034 3877 joint
1045 3826 1120 3884 pour
1131 3807 1276 3865 de'noncer

212 3892 240 3952 13
260 3894 407 3954 mauvaise
425 3894 465 3953 soi
480 3893 517 3952 de
538 3913 589 3952 son
607 3891 781 3952 adversaire.
803 3893 845 3952 Cf.
861 3895 982 3972 Lenglet
996 3897 1172 3975 Dulresnoy,
1190 3899 1275 3956 com-

212 3990 317 4057 mines,
337 3996 358 4043 t.
380 3988 439 4054 111,
461 4004 492 4063 p.
517 3987 570 4060 793
592 3996 621 4043 et
637 3987 674 4043 D.
694 3982 848 4056 Plancher,
864 3987 940 4045 Hert.
961 3989 997 4043 de
1014 3994 1194 4065 Bourgogne,
1213 4005 1273 4064 pr.,

213 4090 234 4134 t.
250 4077 300 4146 IV,
316 4094 347 4153 p.
364 4073 479 4131 cclxxx.

254 4169 284 4224 1.
305 4167 492 4221 Discessionts
505 4160 576 4221 dans
590 4162 618 4221 le
631 4181 685 4220 ms.

253 4255 283 4312 2.
307 4252 403 4312 Plutdt
415 4251 583 4330 faventibus.

256 4345 284 4400 3.
312 4345 535 4418 Quampltuimis
551 4339 621 4398 dans
638 4340 665 4398 le
682 4358 735 4398 ms.
