3402 5186
642 495 752 554 ultan
771 492 920 552 PRIMUS.
1269 497 1307 554 63

254 627 386 700 riorem
413 625 564 700 Galliam
591 625 789 715 redierunt,
819 622 949 695 multas
973 623 1118 720 quidem
1144 624 1255 697 famis
1273 639 1308 698 et

252 743 397 831 inedie,
421 741 471 814 ob
493 765 646 814 annonae
668 741 850 813 caritatem
873 754 905 811 et
923 737 1082 810 calorum
1103 740 1307 812 aestivorum

253 860 581 959 intemperantiam,
603 857 781 932 molestias
795 855 905 954 passi,
925 854 988 926 sed
1004 879 1226 952 aggressurae
1245 871 1307 929 aut

253 976 467 1048 resistentias
485 974 530 1047 ab
551 973 714 1046 hostibus
734 971 849 1043 nullas
864 984 929 1043 ant
942 971 1136 1042 rarissimas
1154 973 1303 1069 experti.

253 1095 385 1164 Tantus
409 1091 507 1164 enim
532 1089 658 1163 Gallici
682 1088 838 1159 nominis
863 1109 1059 1184 eorumque
1086 1087 1240 1158 audaciae
1263 1112 1305 1160 ac

254 1206 385 1278 virium
400 1220 516 1278 terror
532 1203 696 1301 famaque
714 1226 841 1275 eorum
857 1203 1096 1298 arrogantiam
1111 1216 1217 1299 atque
1230 1203 1305 1298 jac·

255 1319 403 1395 tantiam
429 1319 658 1407 retuderant,
676 1331 733 1409 ut,
752 1313 923 1388 vecordes
944 1329 979 1386 et
996 1315 1105 1387 veluti
1128 1317 1307 1390 exanimes
1427 1356 1441 1385 ι

254 1432 387 1524 effecti,
411 1459 485 1508 non
504 1435 550 1507 de
567 1431 790 1508 conserendo
810 1430 949 1529 praelio,
973 1432 1037 1506 sed
1059 1431 1104 1504 de
1127 1432 1201 1504 sola
1225 1432 1307 1529 fuga

253 1552 462 1646 cogitarent.

303 1670 496 1762 Postquam
513 1679 634 1738 autem
650 1688 671 1736 e
686 1663 788 1735 terris
806 1661 872 1734 illis
890 1662 1073 1736 Gallorum
1089 1665 1230 1761 agmina
1247 1691 1306 1740 er·

254 1797 453 1875 cesserunt,
472 1781 626 1880 plurima
643 1803 685 1852 ex
701 1777 851 1852 castellis
868 1793 904 1850 et
920 1777 1098 1878 oppidulis
1113 1805 1178 1878 per
1194 1805 1256 1853 eos
1271 1781 1306 1854 vi

254 1896 311 1970 vel
324 1894 505 1970 deditione
518 1895 701 1995 receptis¹,
718 1918 740 1966 a
755 1919 821 1968 suo
838 1918 919 1991 rege
935 1895 1064 1996 iterum
1080 1895 1126 1984 ad
1142 1897 1307 1969 Barcino-

254 2013 420 2086 nensium
441 2026 558 2111 partes
580 2026 616 2083 et
637 2011 835 2109 generalem
858 2009 1044 2083 rebellium
1066 2013 1308 2088 communita-

255 2143 326 2200 tem
339 2128 558 2202 defecerunt.
579 2127 869 2224 Perpinianenses
887 2142 1022 2220 antem,
1043 2129 1105 2225 qui
1121 2129 1270 2203 minime
1285 2153 1306 2202 a

254 2245 439 2319 Gallorum
458 2246 614 2318 exercitu
634 2245 774 2316 fuerant
793 2246 944 2343 impetiti
962 2247 1021 2342 (eo
1041 2246 1158 2344 quod,
1181 2271 1305 2344 quem·

254 2360 451 2436 admodum
467 2362 598 2434 exstitit
612 2360 765 2449 dictum,
784 2360 966 2434 celerrime
981 2363 1134 2436 claustra
1152 2366 1307 2462 Pyrenaei

255 2492 439 2575 penetrare
454 2493 562 2574 atque
576 2477 774 2573 irrumpere
792 2476 967 2574 compulsi
984 2492 1083 2570 sunt,
1104 2493 1144 2550 ut
1158 2481 1303 2577 reginae,

253 2616 362 2689 quam
391 2593 668 2666 Barcinonenses
685 2590 871 2688 cererique
895 2593 1016 2690 patriae
1039 2593 1186 2666 rebelles
1211 2596 1306 2694 apud

254 2709 461 2783 Gerundam
487 2709 665 2781 civitatem
694 2705 927 2800 obsederant,
954 2707 1083 2780 auxilia
1109 2710 1307 2806 praeberent

253 2824 447 2922 solatiaque
457 2823 673 2918 succursus),
690 2822 838 2896 moleste
853 2825 1001 2896 nimium
1016 2823 1174 2897 ferebant
1188 2826 1306 2899 Gallo-

253 2964 333 3012 rum
358 2940 611 3031 munitionem,
631 2962 740 3035 quam
763 2940 800 3010 in
824 2964 904 3012 arce
921 2940 975 3011 sui
994 2939 1118 3038 oppidi
1139 2964 1200 3015 rex
1220 2948 1306 3018 llra·

253 3080 404 3151 genum,
420 3057 521 3152 juxta
537 3055 670 3129 foedera
686 3081 769 3128 cum
786 3061 1005 3130 Francorum
1024 3081 1105 3153 rege
1122 3083 1304 3158 percussa,

253 3171 441 3245 locaverat.
458 3172 576 3265 Unde,
594 3196 677 3244 cum
692 3173 903 3245 eorumdem
916 3172 1101 3246 Gallorum
1115 3178 1306 3252 exercitum

254 3289 498 3386 militiamque,
513 3287 642 3361 finibus
655 3290 777 3388 patriae
789 3315 861 3362 suae
870 3315 1063 3388 egressum,
1076 3292 1114 3364 in
1122 3297 1148 3364 F
1149 3295 1307 3369 sanciam

252 3408 434 3480 revertisse
450 3418 832 3503 agnoscerent,arcem
850 3407 964 3504 ipsam
977 3433 1061 3480 cum
1077 3410 1212 3482 auxiliis
1226 3417 1307 3486 Bar·

253 3523 501 3594 cinonensium
515 3521 738 3617 aliorumque
752 3521 940 3593 rebellium
953 3547 1081 3618 magna
1095 3526 1130 3597 vi
1144 3525 1307 3602 obsidere

253 3650 436 3732 creperunt
451 3666 460 3708 ε
474 3649 691 3708 exstruentes
702 3659 845 3732 aggeres
856 3635 1083 3735 bastiliasque
1091 3639 1191 3734 juxta
1203 3669 1307 3716 suum

255 3748 429 3848 oppidum
448 3765 483 3822 et
503 3759 616 3843 extra,
641 3764 676 3820 et
696 3751 858 3848 petrariis
878 3775 921 3822 ac
941 3755 1127 3826 tormentis
1148 3756 1307 3852 ejusdem

253 3867 361 3959 arcis,
387 3890 459 3962 quo
483 3866 616 3939 facilius
638 3867 834 3965 expugnari
854 3864 899 3938 ab
919 3867 969 3940 eis
987 3885 1121 3968 posset,
1145 3886 1258 3944 turres
1273 3887 1309 3946 et

253 3981 524 4084 propugnacula
545 3981 698 4079 dejicere
722 3995 932 4079 satagentes.
960 3988 1076 4072 Quam
1100 4012 1121 4059 e
1146 3987 1304 4084 diverso,

294 4247 325 4304 l.
345 4246 467 4321 Recepta
484 4239 555 4300 dans
569 4239 610 4298 les
624 4257 692 4298 mss.
