3322 5172
345 497 403 556 80⁰
617 491 871 548 fflsrotttsntut
888 489 1066 550 nunovtn
1084 493 1127 548 XI

343 627 485 702 diverso
504 623 596 698 lacta
618 621 845 709 defensione,
867 623 1021 695 cervices
1049 622 1302 696 tantummodo
1318 647 1400 697 suas

343 739 548 818 ferientibus
565 738 796 836 objectarent.
816 743 921 812 Facta
935 751 987 812 est
1000 738 1107 836 igitur
1123 762 1252 835 magna
1268 741 1305 811 in
1316 740 1400 813 loco

342 859 562 949 certaminis,
585 856 648 930 sed
671 871 707 928 et
727 858 765 927 in
784 855 865 953 luga
882 857 1111 928 numerosior
1129 855 1242 927 multo
1263 856 1397 948 caedes,

342 1001 422 1075 quae
439 990 476 1048 et
494 975 588 1046 vires
610 969 904 1068 Burgundionum
926 986 963 1043 et
980 995 1125 1044 omnem
1143 972 1273 1059 ferme,
1292 995 1401 1070 quam
1495 1035 1504 1046 .

344 1105 491 1192 perante
507 1090 699 1161 maximam
711 1086 784 1158 dux
797 1087 1094 1184 Burgundionum
1110 1088 1331 1187 acquisierat,
1350 1087 1401 1161 sa-

344 1232 441 1281 mam
459 1204 615 1278 abolevit
631 1217 667 1276 et
683 1202 860 1275 exstinxit.
880 1207 971 1275 Nam
994 1218 1030 1276 et
1053 1203 1142 1303 ipse,
1161 1203 1351 1277 foedissima
1366 1217 1402 1276 et

344 1305 677 1418 ignominiosissima
694 1316 777 1412 fuga
792 1317 950 1416 elapsus,
968 1317 1121 1414 aufugit,
1138 1333 1265 1392 exutus
1279 1318 1402 1392 castris

343 1433 448 1509 simul
468 1446 505 1506 et
524 1431 680 1525 cunctis,
704 1455 783 1530 quae
803 1457 930 1532 parare
950 1447 985 1505 et
1002 1457 1191 1533 aggregare
1213 1448 1400 1534 potuerat,

343 1551 480 1624 bellicis
500 1550 758 1622 instrumentis.

392 1663 481 1751 Quis
496 1675 617 1735 autem
638 1683 810 1732 numerus
825 1683 1000 1736 caesorum
1016 1660 1142 1756 suerit,
1163 1660 1210 1734 ad
1228 1675 1365 1734 certum
1381 1687 1402 1734 a

345 1780 452 1853 nobis
479 1780 561 1852 sciri
581 1803 656 1850 non
682 1777 819 1876 potuit,
841 1779 922 1852 licet
945 1778 1112 1851 nonnulli
1137 1795 1336 1853 assererent
1357 1781 1403 1854 ad

346 1921 407 1970 xur
434 1895 584 1970 millium
612 1910 648 1968 et
676 1895 828 1994 amplius
855 1919 1047 1970 numerum
1074 1895 1306 1968 ascendisset
1336 1895 1405 1970 Sed

345 2011 445 2111 quod
466 2035 542 2084 non
564 2011 696 2098 minor,
719 2011 795 2083 imo
816 2011 937 2110 potius
959 2010 1125 2111 amplior,
1149 2013 1335 2101 exstiterit,
1361 2039 1404 2086 ex

345 2127 417 2200 hoc
433 2125 599 2198 convinci
618 2138 754 2225 potest,
774 2125 874 2224 quod
889 2152 932 2199 ex
953 2153 998 2198 xn
1014 2126 1188 2220 millibus,
1210 2141 1285 2200 tam
1304 2128 1405 2226 equi·

347 2257 425 2314 tum
447 2264 556 2340 quam
571 2240 751 2341 peditum,
771 2265 879 2339 quem
896 2266 1087 2315 numerum
1107 2242 1323 2316 bellatorum
1343 2269 1405 2317 seu

348 2370 568 2431 armatorum
592 2357 711 2456 ipsum
732 2357 769 2430 in
792 2357 915 2430 castris
931 2357 1109 2431 ferebatur
1124 2357 1309 2452 habuisse,
1324 2373 1406 2460 post

349 2475 489 2572 lugam,
511 2495 583 2572 qua
606 2474 643 2545 in
671 2472 912 2572 burgundiam
938 2499 976 2547 se
999 2473 1151 2574 sucepit,
1177 2476 1233 2547 rix
1260 2499 1303 2548 ex
1330 2475 1404 2564 his,

348 2589 411 2688 qui
436 2589 520 2686 fuga
544 2604 752 2679 evaserant,
770 2591 838 2661 tria
863 2589 973 2663 millia
996 2590 1094 2689 apud
1122 2615 1160 2663 se
1186 2591 1406 2687 recollegisse

350 2703 549 2779 ridebatur.
572 2705 665 2776 Satis
682 2720 801 2778 tamen
824 2719 966 2778 constat
984 2731 1061 2779 non
1082 2729 1226 2796 omnes,
1245 2706 1307 2806 qui
1321 2707 1407 2780 hos·

350 2821 428 2896 tiles
443 2844 570 2896 manus
581 2838 784 2916 evaserant,
806 2822 904 2923 apud
916 2847 999 2896 eum
1016 2849 1055 2897 se
1070 2826 1231 2924 recipere·
1239 2824 1405 2915 voluisse,

350 2939 413 3012 s'ed
423 2937 493 3011 alio
510 2950 618 3036 atque
629 2940 700 3013 alio
710 2939 906 3014 divertisse.
921 2943 1010 3013 Nam
1021 2942 1154 3014 cumin
1169 2942 1292 3013 castris
1302 2956 1409 3039 atque

351 3054 508 3128 exercitu
524 3079 590 3128 suo
607 3055 879 3155 stipendiarium
896 3055 1044 3127 militem
1062 3055 1258 3156 plurimum
1277 3081 1321 3130 ex
1340 3059 1409 3130 lta·

349 3172 395 3245 lia
411 3183 517 3270 atque
532 3170 668 3269 Anglia,
684 3171 827 3267 suisque
841 3168 1012 3242 dominiis
1025 3195 1067 3243 ac
1083 3171 1196 3263 terris,
1211 3171 1409 3266 habuisset,

353 3287 485 3360 multos
507 3303 628 3360 tamen
654 3284 829 3372 habebat,
852 3296 925 3358 tam
948 3285 1086 3383 equites
1111 3311 1221 3385 quam
1248 3287 1409 3388 pedites,

353 3403 416 3502 qui
432 3427 509 3476 non
525 3402 592 3476 nisi
606 3400 714 3474 invite
729 3415 764 3474 et
778 3400 923 3500 praecise
940 3403 1055 3475 coacti
1073 3428 1137 3476 sua
1154 3419 1269 3477 castra
1284 3429 1414 3502 seque·

353 3519 504 3612 bantur,
523 3519 560 3590 in
578 3515 721 3617 quibus,
744 3517 888 3618 praeter'
902 3516 1145 3614 fatigationem
1161 3535 1196 3593 et
1211 3521 1415 3596 incommo-

396 3703 425 3762 l.
451 3725 465 3755 ι
480 3703 521 3760 Le
534 3698 668 3780 seigneur
680 3699 718 3759 de
728 3703 850 3779 Contey,
864 3697 916 3778 qui
927 3697 1026 3758 arrivs
1037 3719 1104 3759 vers
1115 3699 1144 3762 le
1157 3720 1209 3778 roy
1219 3715 1277 3762 tost
1289 3703 1374 3782 apres
1387 3702 1416 3764 la

354 3789 488 3862 bataille,
507 3788 638 3848 consessa
656 3809 694 3850 au
715 3809 779 3869 roy,
802 3809 870 3868 moy
892 3789 1024 3869 present,
1045 3809 1103 3870 que
1121 3811 1158 3852 en
1171 3791 1277 3852 ladicte
1299 3793 1417 3854 batsille

355 3880 479 3942 estoient
498 3899 575 3939 mors
592 3879 656 3939 huit
671 3879 751 3938 mille
769 3879 901 3940 hommes
925 3879 966 3940 du
986 3892 1071 3958 party
1091 3880 1174 3940 dudit
1194 3880 1267 3954 duc,
1290 3901 1418 3962 prensus

355 3971 454 4054 gaiges
467 3970 503 4029 de
523 3965 586 4048 luy,
604 3981 634 4028 et
646 3967 784 4030 d’aultres
799 3987 919 4030 menues
932 3987 1004 4050 gens
1017 3989 1108 4038 assem
1122 3973 1158 4030 Et
1174 3988 1256 4047 croy,
1277 3973 1293 4030 a
1310 3991 1344 4030 cr
1359 3989 1418 4050 que

365 4066 413 4122 ’en
427 4080 464 4139 ay
477 4079 535 4139 peu
548 4057 700 4130 entendre,
715 4056 786 4135 qu¹il
799 4078 820 4136 y
832 4056 912 4117 auoit
923 4054 991 4118 bien
1005 4055 1153 4119 dix-huict
1166 4058 1245 4117 mille
1258 4077 1418 4138 personnes

356 4169 392 4210 en
406 4163 479 4212 tout.
497 4175 512 4204 s
527 4149 708 4222 commines,
725 4151 747 4206 l.
763 4149 797 4223 V,
812 4167 838 4206 c.
854 4167 900 4207 nr.

397 4243 427 4300 2.
449 4244 569 4316 Propter
579 4238 652 4298 dans
666 4237 694 4296 le
709 4255 763 4295 ms.
