3384 5184
640 517 752 576 LIBER
772 518 922 576 PRIMUS.
1271 521 1310 578 ⁹⁸1

248 650 357 738 nulli,
387 651 455 722 nisi
484 647 662 739 volentes,
690 649 853 723 amittere
878 623 1028 748 possint.
1060 653 1113 722 bn
1142 675 1229 724 vero
1256 677 1312 726 se-

249 767 326 839 curi
353 781 439 838 sunt
464 766 502 865 hi
531 767 642 839 nostri
670 764 849 838 ambitiosi
871 779 908 838 et
928 765 1051 865 cupidi
1075 765 1309 860 dominandi,

249 881 406 972 etiamsi,
428 881 613 954 anemine
635 881 740 972 victi,
766 881 946 979 usquead
968 881 1140 954 terminos
1160 882 1259 956 orbis
1276 899 1313 956 et

249 1011 428 1071 extremos
453 995 561 1068 maris
583 1020 760 1089 recessus,
778 1010 814 1067 et
833 997 872 1068 in
894 996 1027 1068 insulas
1049 1021 1309 1098 quascumque,

249 1139 354 1186 suurn
381 1115 657 1214 propagaverint
684 1113 933 1192 dominatum?
956 1117 1063 1213 Atqui
1088 1115 1202 1215 plenae
1228 1132 1313 1190 sunt

249 1229 422 1320 historiae,
442 1245 478 1302 et
493 1244 631 1302 veteres
653 1243 688 1302 et
709 1230 941 1320 recentiores,
960 1230 1148 1327 quomodo
1166 1232 1313 1305 maximi

251 1346 484 1446 imperatores
504 1362 540 1419 ct
566 1370 683 1444 reges,
708 1359 794 1417 tunc
813 1371 896 1422 cum
919 1347 1074 1420 maxima
1094 1363 1200 1446 atque
1220 1350 1314 1423 latis·

249 1461 341 1534 sima
364 1463 517 1533 assecuti
544 1461 752 1534 viderentur
775 1461 942 1560 imperia,
970 1461 1081 1553 dolis,
1109 1462 1310 1559 fraudibus,

250 1577 388 1649 insidiis
410 1577 464 1648 vel
487 1577 786 1666 machinamentis
809 1591 845 1648 et
868 1575 1113 1650 molitionibus
1140 1605 1310 1677 suorum,

251 1692 308 1764 vel
324 1690 499 1783 liliorum,
520 1692 578 1764 vel
596 1692 763 1778 fratrum,
785 1715 849 1763 seu
867 1715 1021 1764 uxorum
1038 1716 1080 1765 ac
1095 1692 1312 1768 domestico-

250 1833 332 1880 rum
367 1799 615 1880 miserabiliter
643 1808 839 1906 perierunt.
878 1810 1044 1896 Quorum
1081 1809 1314 1907 particulares

250 1948 371 2010 casus,
391 1925 422 1995 si
440 1947 532 2019 quos
548 1923 653 1995 latius
672 1923 791 1996 videre
807 1922 976 2017 delectet,
997 1924 1091 2023 legat
1108 1924 1219 1999 libros
1235 1932 1313 2000 lus·

251 2042 329 2131 tini,
347 2038 458 2113 libros
472 2040 619 2112 loannis
633 2040 794 2112 Boccacii
810 2038 856 2113 de
872 2039 1019 2112 Casibus
1033 2043 1203 2114 Virorum
1219 2042 1315 2116 illus·

250 2159 372 2251 trium,
386 2156 444 2228 vel
454 2156 620 2230 historias
631 2156 779 2255 losephi
789 2181 853 2228 seu
867 2157 966 2230 Pauli
979 2159 1099 2230 Orosii
1112 2186 1120 2230 :
1133 2161 1169 2231 in
1182 2159 1314 2258 quibus

250 2273 404 2346 inveniet
423 2273 673 2370 hujuscemodi
688 2273 936 2372 exemplorum
949 2275 1056 2372 plena
1071 2275 1269 2349 volumina.

298 2393 400 2488 Hanc
411 2402 533 2460 autem
545 2389 664 2460 omnis
675 2389 872 2460 securitatis
884 2405 919 2461 et
933 2389 1199 2488 tranquillitatis
1211 2393 1315 2465 amis·

251 2506 389 2578 sionem
405 2520 441 2578 et
454 2505 642 2601 jacturam,
663 2528 742 2599 quae
758 2503 865 2600 hujus
881 2503 1088 2577 ambitionis
1104 2519 1141 2577 et
1156 2506 1313 2580 libidinis

251 2620 464 2694 dominandi
491 2643 613 2692 comes
638 2633 673 2691 et
700 2619 896 2719 pedisequa
929 2618 1122 2692 infallibilis
1157 2623 1311 2717 exsistit,

121 2736 133 2756 ⁴
252 2735 481 2835 philosophia
503 2732 719 2833 perpulchre
741 2732 889 2805 alumno
913 2757 981 2804 suo
1005 2733 1216 2829 ostendens,
1244 2736 1314 2809 ele·

251 2871 374 2954 gauter
397 2855 495 2955 apud
520 2853 708 2927 Boethium
730 2853 904 2928 exclamat
927 2880 935 2924 ε
962 2884 980 2923 α
1007 2855 1178 2928 Praeclara
1200 2881 1312 2957 opum

250 2971 458 3046 mortalium
479 2968 685 3058 beatitudo,
708 2992 816 3065 quam
835 2992 918 3040 cum
939 2968 1090 3066 adeptus
1110 2969 1234 3063 fueris,
1258 2998 1314 3046 se·

251 3113 359 3161 curus
384 3111 459 3159 esse
484 3081 638 3158 desistisl
662 3114 680 3151 a
704 3087 791 3174 Quae
816 3085 942 3177 etiam,
969 3109 1078 3184 quam
1103 3084 1243 3161 fallaces
1269 3115 1312 3164 ac

252 3204 432 3279 mendosae
453 3203 542 3295 sint,
561 3201 761 3274 luculenter
782 3201 965 3274 ostendit:
984 3226 1081 3298 quae,
1102 3227 1186 3275 curn
1206 3203 1313 3277 sulli-

250 3322 417 3396 cientiam
441 3317 587 3409 allerre,
610 3331 645 3389 et
667 3341 813 3390 omnem
834 3317 1069 3414 indigentiam
1096 3315 1161 3417 [se]
1185 3318 1314 3420 depul-

250 3463 350 3512 suras
376 3436 605 3538 promittant,
631 3459 706 3506 non
734 3433 847 3506 modo
868 3432 906 3505 id
925 3457 1000 3505 non
1022 3434 1190 3509 exhibent
1211 3439 1312 3536 quod

250 3556 483 3655 pollicentur,
514 3552 578 3626 sed
605 3549 871 3623 insufficientiae
900 3565 937 3622 et
964 3549 1176 3648 indigentias
1204 3555 1312 3629 etiam

250 3671 422 3771 plurimas
437 3693 560 3742 secum
575 3667 739 3759 trahunt;
758 3666 1054 3764 verissimumque
1070 3684 1123 3741 est
1140 3669 1229 3742 illud
1246 3675 1313 3744 Se-

249 3811 348 3858 necae
368 3814 376 3856 :
395 3817 412 3853 α
432 3784 621 3857 Permultis
638 3783 797 3880 indigere
813 3781 876 3878 qui
895 3781 1007 3854 multa
1023 3782 1257 3880 possident»,
1276 3802 1312 3860 et

250 3904 335 4003 quia
353 3933 371 3973 a
390 3927 521 4000 magna
536 3903 685 3975 servitus
700 3903 753 3971 est
770 3921 900 3995 magna
915 3896 1072 3971 fortuna.
1091 3930 1110 3966 »

299 4023 337 4093 Si
353 4020 433 4119 quis
448 4020 555 4117 igitur
568 4043 651 4091 vere
666 4015 858 4110 dominari,
879 4039 963 4088 vere
980 4039 1125 4089 securus
1142 4017 1313 4094 invictus-

250 4162 321 4236 que
345 4161 420 4210 esse
443 4134 685 4233 concupierit,
705 4158 780 4205 non
803 4155 930 4229 regna,
950 4157 1027 4206 non
1043 4132 1210 4233 imperia,
1236 4161 1311 4211 non

251 4255 424 4328 terminos
440 4276 525 4326 suos
545 4251 582 4322 in
606 4263 741 4323 exteras
761 4263 884 4346 gentes
894 4262 935 4323 et
950 4250 1115 4324 nationes
1133 4249 1313 4348 prolerre,

411 4391 439 4430 u
1139 4370 1156 4424 'l
