3014 5010
488 427 598 483 LIBER
618 425 823 486 SECUNDUS.
1128 427 1182 484 ttt

127 547 305 632 diensium
331 572 480 628 conatus
507 555 724 627 retunderet.
752 556 821 642 Qui
852 554 1031 655 prolecto,
1057 557 1185 626 sinon

127 674 350 751 tammature
367 676 601 766 discessisset,
618 677 859 775 potuissetque
875 677 1064 749 dominum
1082 679 1187 746 Caro·

127 794 203 868 lum
228 793 266 865 in
290 795 567 882 Normanniam,
593 793 661 865 sibi
689 794 902 888 assignatam
929 808 964 864 et
995 792 1183 881 traditam,
1247 860 1250 865 .

127 910 298 995 sociasse,
319 909 553 981 verisimiliter
577 934 660 981 eum
685 909 731 980 de
755 909 881 981 eadem
903 908 1034 1008 pellere
1059 932 1185 981 ausum

127 1051 186 1099 rex
212 1025 360 1098 minime
381 1026 591 1124 accepisset,
612 1026 920 1124 quemadmodum
946 1027 1064 1097 statim
1091 1038 1187 1123 post·

126 1167 234 1242 quam
252 1159 371 1240 terga,
394 1144 441 1215 ad
464 1167 530 1216 sua
551 1143 709 1231 rediens,
737 1145 834 1218 idem
859 1170 981 1217 comes
1007 1157 1181 1232 verterat,

125 1261 202 1359 ipse
216 1260 346 1354 effecit,
363 1275 403 1332 ut
418 1262 536 1333 statim
551 1263 661 1360 paulo
674 1261 779 1334 latius
794 1263 1001 1335 reseremus.

494 1611 749 1680 ctettututt
773 1613 817 1679 X.

122 1810 270 1883 Quomodo
281 1808 338 1863 dux
350 1810 475 1877 Carolus,
488 1824 594 1883 accepta
606 1833 621 1866 a
634 1832 696 1883 rege
706 1812 887 1878 Normannia,
901 1812 934 1863 ab
949 1812 1068 1883 ingressu
1080 1812 1185 1865 notho·

159 1895 230 1963 magi
245 1891 296 1944 luit
310 1888 359 1943 diu
370 1890 511 1943 Britonum
527 1890 650 1945 detentus
669 1892 799 1958 lactione;
817 1904 844 1944 et
858 1892 971 1962 qualiter
984 1892 1011 1943 in
1024 1893 1186 1945 monasterio

156 1972 243 2026 Beata
253 1971 403 2026 Catharinae
414 1990 430 2024 a
443 1972 558 2026 statibus
569 1973 713 2044 provincie
725 1973 843 2028 visitatus
855 1986 881 2024 et
895 1973 1046 2026 consolatus
1057 1973 1117 2029 suit.

173 2148 281 2245 lgitur
297 2149 451 2247 acceptis
468 2147 632 2247 praelatus
650 2147 819 2220 dominus
836 2148 986 2220 Carolus
1007 2163 1042 2220 et
1064 2147 1185 2221 debite

124 2264 296 2363 expeditis
329 2264 454 2337 litteris
493 2265 564 2336 suis
600 2264 646 2336 de
673 2262 910 2360 assignatione
936 2266 1181 2353 Normanniae,

123 2379 228 2477 regiis
257 2403 405 2478 quoque
435 2378 614 2451 mandatis
647 2393 682 2451 et
713 2380 982 2471 commissariis,
1009 2380 1071 2479 qui
1101 2407 1185 2480 pos-

122 2496 317 2567 sessionem
348 2494 569 2594 oppidorum
597 2509 633 2566 et
660 2509 877 2585 castrorum,
910 2520 989 2593 quae
1021 2496 1186 2569 nondum

122 2627 324 2711 receperat,
352 2610 637 2700 contraderent¹,
657 2611 851 2682 comitante
869 2611 987 2710 ipsum
1005 2611 1095 2683 duce
1111 2613 1186 2684 Bri-

122 2728 271 2819 tanniae,
290 2754 375 2801 cnm
391 2727 529 2825 magnis
549 2752 698 2799 suorum
716 2729 902 2800 Britonum
919 2729 1049 2827 copiis,
1068 2743 1103 2800 et
1119 2755 1186 2801 co-

122 2846 206 2918 mite
233 2846 413 2938 Dunensi,
442 2860 478 2917 et
502 2845 652 2916 domino
679 2844 724 2916 de
747 2845 850 2916 Buer‘l
857 2849 883 2934 ²,
912 2860 947 2916 et
973 2845 1123 2918 domino
1141 2845 1186 2918 de

124 2960 365 3052 Chuumont⁸,
395 2986 478 3033 cum
515 2959 788 3059 quampluribus
818 2959 999 3032 nobilibus
1035 2962 1187 3034 ducatus

124 3078 350 3152 Bituricensis
376 3093 412 3151 et
439 3079 516 3150 aliis
542 3078 726 3148 variorum
755 3091 931 3169 statuum,
961 3079 1042 3173 qui,
1076 3078 1186 3150 solius

123 3194 250 3293 p'raedae
265 3210 300 3267 et
317 3195 516 3295 spoliorum
536 3195 764 3265 Normanniae
782 3196 913 3293 gratia,
934 3197 1053 3294 ipsum
1067 3221 1182 3268 assec-

124 3310 192 3382 tari
217 3308 444 3403 videbantur,
466 3309 730 3407 Rothomagum
748 3335 869 3381 versus
886 3311 952 3382 iter
970 3311 1110 3383 direxit.
1133 3311 1185 3383 td

124 3449 234 3525 quam
260 3425 385 3499 urbem
408 3426 631 3498 confluentes
647 3451 687 3497 ex
703 3425 851 3497 diversis
868 3426 977 3497 totius
994 3428 1186 3525 provinciae

125 3540 288 3641 partibus
321 3542 456 3641 praelati
485 3555 519 3613 et
541 3538 703 3631 nobiles,
731 3543 807 3637 ejus
835 3541 905 3613 illic
930 3543 1186 3640 operiebantur

124 3658 333 3731 adventum.
355 3661 417 3746 Et,
434 3682 480 3729 ne
497 3672 639 3756 tempus
651 3657 766 3728 otiose
782 3672 817 3727 et
832 3657 1003 3730 inutiliter
1016 3674 1182 3753 tererent,
1230 3655 1239 3673 ⁹

126 3773 162 3846 in
189 3771 301 3845 domo
327 3772 534 3846 consulatus
558 3772 719 3869 ejusdem
738 3771 851 3864 urbis,
871 3773 1074 3871 frequentes
1093 3776 1186 3847 inter

167 3998 196 4052 l.
222 3994 437 4063 contenderem,
455 3990 527 4051 dans
541 3991 568 4050 le
583 4011 636 4049 ms.

167 4086 195 4143 2.
220 4085 293 4141 Jean
310 4080 346 4139 de
361 4080 456 4153 Beuil‚
469 4094 563 4139 comte
575 4079 612 4139 de
626 4084 774 4140 Saucerre.

167 4177 195 4233 3.
220 4171 318 4231 Pierre
332 4169 511 4242 d'Amboise,
526 4170 661 4249 seigneur
675 4170 712 4228 de
725 4170 1050 4229 Chaumont·snr-Loire
