3272 5182
380 531 438 588 220
651 529 908 586 fltsrontauttu
928 528 1106 586 LUDOVICI
1126 530 1169 586 Xl

380 661 440 753 tis,
467 685 593 732 omnes
616 685 689 748 res,
715 683 841 732 omnes
862 658 1091 748 mercantiaS,
1111 683 1190 756 quae
1208 660 1255 732 ad
1278 659 1447 732 subditos

380 779 596 847 Francorum
629 776 719 871 regis
751 772 1000 872 [pertinentes]
1030 775 1183 845 inventae
1214 790 1319 868 sunt,
1352 777 1446 873 poni

382 891 565 964 mandavit
581 892 648 964 sub
663 905 817 980 arresto;
831 914 910 987 quae
922 915 1006 962 curn
1017 891 1224 963 inventariis
1241 890 1443 989 descriptae,

381 1008 461 1081 fidis
488 1010 660 1083 custodiis
684 1007 815 1079 relictae
838 1022 932 1078 sunt.
960 1007 1069 1094 Quod
1102 1033 1177 1079 non
1203 1007 1443 1097 dissimiliter,

380 1126 450 1201 hoc
475 1128 672 1218 intellecto,
695 1131 915 1197 Francorum
941 1149 1003 1197 rex
1032 1123 1106 1196 fieri
1135 1125 1238 1222 jussit
1265 1123 1447 1198 debonis

379 1243 607 1315 subditorum
624 1243 725 1314 ducis
742 1241 971 1336 Burgundiae,
991 1242 1124 1338 quaein
1142 1240 1315 1313 nundinis
1334 1265 1445 1338 gene-

379 1357 512 1432 ralibus
535 1385 649 1459 prope
675 1358 1094 1454 Sanctum-Dionysium,
1118 1381 1208 1455 quas
1229 1357 1357 1452 vulgus
1379 1363 1445 1429 ln-

380 1475 532 1548 dictum¹
549 1475 747 1574 appellant,
767 1501 828 1547 seu
847 1475 934 1548 alias
950 1472 1170 1571 ubicumque
1186 1475 1223 1545 in
1244 1475 1346 1546 terris
1370 1474 1446 1546 suis

380 1606 575 1691 potuerunt
587 1593 757 1684 inveniri3
769 1591 932 1690 quamvis
946 1589 1113 1662 nonnulli
1125 1591 1162 1660 in
1175 1588 1329 1661 dubium
1343 1614 1446 1662 revo-

380 1721 463 1780 cent
479 1721 515 1780 et
531 1708 731 1807 disceptent
751 1709 844 1780 inter
861 1731 916 1796 se,
935 1721 1014 1777 uter
1031 1704 1212 1776 dictorum
1236 1705 1446 1804 principum

380 1839 511 1897 arresta
536 1823 786 1921 hujuscemodi
813 1823 969 1922 primum
997 1820 1112 1893 facere
1137 1819 1323 1892 inchoavit
1337 1825 1359 1892 ¹.
1388 1825 1445 1894 De

380 1965 454 2037 quo
478 1965 553 2012 non
581 1941 735 2012 multum
763 1940 894 2012 curiosi
919 1963 995 2011 esse
1017 1937 1202 2028 volumus,
1229 1963 1314 2010 cum
1343 1939 1445 2037 apud

381 2081 508 2128 omnes
521 2057 732 2146 constiterit,
748 2071 831 2128 ante
844 2080 971 2129 omnes
988 2054 1083 2128 ultro
1095 2056 1261 2154 citroque
1276 2055 1447 2154 hujusce-

380 2170 480 2244 modi
495 2170 677 2256 bonorum
693 2172 998 2272 apprehensiones
1016 2187 1124 2270 atque
1137 2186 1288 2263 arrestat,
1306 2174 1445 2272 praedas

380 2285 564 2385 praedictas
588 2285 633 2360 de
659 2286 767 2359 bonis
789 2285 1015 2359 subditorum
1040 2286 1141 2360 ducis
1166 2288 1378 2385 Burgundiae
1395 2289 1444 2362 ad

380 2417 505 2504 portus
523 2405 614 2503 regis
634 2410 854 2478 Francorum
876 2402 1060 2503 perillum
1078 2403 1257 2504 perfidum
1273 2409 1444 2478 Warvt'clt

382 2535 417 2593 et
443 2546 528 2594 suos
558 2522 744 2612 advectas,
772 2535 828 2610 et,
861 2519 990 2593 eodem
1023 2545 1106 2619 rege
1132 2545 1207 2592 nou
1236 2521 1438 2618 ignorante,

380 2635 564 2736 distractas
582 2652 688 2734 atque
707 2637 932 2710 distributas⁸
950 2666 960 2710 ε
978 2637 1078 2734 quod
1096 2634 1260 2734 capitulis
1280 2639 1378 2737 pacis
1394 2637 1442 2712 ad

381 2755 557 2826 Peronam
575 2753 838 2854 expressissime
856 2751 1051 2849 derogabat
1068 2766 1104 2824 et
1119 2750 1332 2826 contraibat.

421 2943 449 2998 l.
472 2945 513 3001 Ie
524 2942 637 3002 Lendit.
651 2945 731 3002 Cette
745 2941 818 3000 loire
832 2939 1022 3017 commencait
1033 2939 1061 2998 le
1073 2940 1216 3000 mereredi
1228 2940 1264 3000 de
1278 2941 1307 3000 la
1318 2912 1442 3002 seconde

379 3030 506 3089 semaine
521 3031 557 3091 de
567 3031 647 3106 juin;
662 3049 695 3090 ce
709 3031 753 3089 lut
765 3050 819 3110 par
832 3031 1009 3108 consequent
1021 3029 1050 3088 le
1063 3033 1101 3089 13
1114 3030 1178 3104 juin
1192 3051 1229 3090 en
1243 3033 1334 3093 1470.

420 3122 449 3176 2.
472 3121 545 3180 Rieu
561 3140 619 3199 que
635 3121 749 3200 d'apres
766 3120 808 3177 les
824 3117 904 3178 dates
923 3117 1052 3177 donnees
1069 3115 1228 3193 ci-dessus,
1246 3117 1266 3176 il
1283 3123 1334 3196 n'y
1348 3119 1442 3178 aurait

379 3227 431 3287 pas
452 3211 468 3268 a
489 3209 593 3269 douter
612 3209 649 3268 de
670 3209 737 3287 quel
758 3208 821 3266 cote
845 3207 1131 3288 vintl'aggressiom
1154 3207 1225 3266 mais
1240 3206 1268 3265 le
1290 3206 1440 3266 termedo

379 3297 482 3356 lendit
499 3311 542 3357 est
559 3310 624 3376 trop
642 3297 802 3377 rapproche
819 3294 856 3354 de
875 3295 951 3354 celui
967 3294 1003 3353 de
1019 3293 1051 3354 la'
1063 3297 1216 3354 Pentecote
1230 3315 1306 3374 pour
1318 3315 1375 3374 que
1391 3295 1441 3355 des

380 3385 560 3460 represailles
582 3388 660 3446 aient
678 3407 715 3444 eu
736 3385 794 3446 lieu
812 3386 838 3445 si
855 3387 897 3444 tdt
916 3385 993 3444 dela
1007 3398 1072 3463 part
1085 3385 1121 3443 de
1135 3385 1222 3444 Louis
1235 3389 1288 3444 XI.
1305 3390 1441 3447 L'auteur

379 3491 397 3530 a
410 3475 616 3534 certaiuement
631 3474 777 3533 conlondu
791 3475 818 3532 le
830 3473 934 3533 Lendit
947 3493 1019 3533 avec
1032 3473 1060 3531 la
1075 3473 1148 3532 loire
1161 3472 1197 3532 de
1214 3473 1241 3532 la
1254 3474 1440 3536 snut-Deoia

379 3563 507 3636 (Soet),
523 3576 552 3623 et
564 3577 638 3624 cette
648 3583 749 3623 erreur
762 3577 805 3623 est
818 3562 985 3622 demontrde
999 3582 1052 3642 par
1065 3582 1104 3621 un
1116 3561 1176 3621 edit
1190 3561 1226 3621 de
1237 3563 1325 3622 Louis
1335 3565 1388 3634 XI,
1403 3581 1440 3622 en

378 3649 443 3709 date
459 3649 498 3710 du
515 3656 532 3712 8
548 3651 679 3726 octobre,
697 3652 747 3732 qui
763 3651 882 3713 interdit
899 3665 960 3711 tout
977 3670 1139 3710 commerce
1153 3664 1235 3710 entre
1249 3671 1295 3710 ses
1311 3652 1398 3726 sujets
1413 3665 1441 3712 et

378 3759 451 3798 ceux
469 3739 510 3800 du
531 3741 587 3800 duc
607 3742 644 3800 de
664 3746 849 3822 Bourgogne,
871 3745 887 3800 a
907 3760 992 3800 cause
1015 3738 1052 3798 de
1071 3739 1098 3798 la
1119 3740 1250 3800 violence
1267 3742 1441 3802 commised

378 3833 502 3893 tavers.
519 3835 556 3892 D.
572 3831 723 3906 Plancber‚
739 3836 813 3890 Hist.
829 3836 866 3888 de
879 3837 996 3908 Bourg.‚
1011 3849 1071 3908 pr.,
1087 3841 1107 3887 t.
1126 3832 1181 3904 tv,
1196 3851 1227 3910 p.
1244 3829 1398 3904 cclxxxvii.

419 3921 448 3978 3.
472 3923 516 3980 On
531 3920 615 3980 disait
627 3920 689 3980 cela
703 3919 774 3980 dans
788 3922 829 3979 les
843 3911 920 3979 litats
938 3919 977 3977 du
992 3919 1048 3979 duc
1061 3917 1098 3978 de
1111 3923 1301 4001 Bourgogne,
1317 3919 1389 3978 mais
1402 3938 1440 3978 on

379 4007 430 4086 n’y
445 4007 529 4068 disait
545 4029 596 4090 pas
615 4009 656 4067 les
674 4009 819 4069 violences
835 4008 969 4069 exorcees
984 4007 1055 4067 daus
1073 4007 1100 4068 le
1120 4021 1186 4088 port
1201 4008 1374 4068 d'llonlleur
1389 4027 1441 4088 par

381 4098 407 4156 la
422 4100 532 4159 marine
551 4100 811 4181 bourguignonne;
832 4120 871 4159 on
891 4120 928 4160 ne
945 4099 1030 4158 disait
1047 4120 1099 4179 pas
1118 4122 1179 4162 non
1198 4105 1263 4183 plus
1280 4121 1338 4182 que
1353 4101 1380 4162 le
1397 4101 1440 4161 roi

380 4191 428 4248 ent
446 4189 577 4250 ordonne
593 4191 621 4249 la
636 4191 800 4270 reparation
818 4191 868 4250 des
887 4191 1054 4272 dommages
1070 4193 1170 4251 causes
1185 4191 1293 4272 parles
1309 4191 1437 4275 Angltis.

379 4278 403 4336 ll
425 4279 517 4337 aurait
539 4280 627 4354 fallu,
652 4300 728 4359 pour
750 4283 811 4341 etre
832 4279 992 4360 equitable,
1017 4279 1143 4358 prendre
1164 4282 1368 4342 connaissance
1389 4281 1438 4342 des
