3402 5186
380 515 418 572 11
647 504 903 566 antummum
922 503 1101 564 Lunovtct
1120 505 1165 562 x1

428 641 529 714 Circa
547 640 623 740 ipsa
643 660 801 736 namque
826 659 892 721 sua
915 635 1083 730 exordia,
1102 659 1187 708 cum
1209 637 1319 710 totius
1339 639 1439 736 regni

379 756 622 858 gubernacula
649 769 685 828 et
711 753 973 855 possessionem
999 779 1036 826 se
1062 769 1208 826 nactum
1234 756 1437 854 conspexit,

380 889 480 949 tanta
496 874 571 972 ejus
591 884 749 946 mentem
765 870 968 966 arrogantia
986 883 1176 970 tantusque
1194 883 1322 943 tumon
1336 870 1440 945 obse·

380 991 451 1079 dit,
482 1001 522 1060 ut
550 1013 676 1061 omnes
704 985 762 1059 vel
789 985 916 1078 ltaliae,
945 984 1000 1057 vel
1030 986 1217 1082 regionum
1243 986 1440 1060 vicinarum

380 1105 561 1208 principes
593 1118 700 1204 atque
729 1117 936 1202 potentatus
965 1116 1198 1176 contemnere
1235 1101 1441 1202 eisdemque

380 1222 474 1296 bella
507 1221 637 1295 inferre
665 1219 754 1294 velle
787 1218 980 1294 videretur.
1014 1223 1058 1290 Et
1087 1219 1246 1318 primum
1275 1218 1441 1318 quidem¹

382 1338 466 1412 duci
478 1336 797 1411 Mediolanensium
815 1335 873 1430 vel
889 1336 974 1435 ipsis
986 1334 1225 1408 lanuensibus
1242 1335 1318 1436 (qui
1335 1336 1443 1437 paulo

382 1453 465 1528 an'te
483 1466 611 1527 contra
625 1467 762 1552 petrem
787 1454 913 1526 suum*
928 1450 1207 1544 rebellaverant,
1227 1453 1316 1525 etin
1340 1478 1445 1525 mon·

382 1570 475 1644 tanis
490 1569 563 1642 suis
582 1593 682 1663 eam,
703 1591 811 1668 quarn
828 1567 899 1640 illic
919 1565 966 1640 ad
982 1566 1185 1641 domandos
1200 1593 1263 1641 eos
1280 1568 1441 1664 miserat,

382 1685 648 1784 expeditionem
675 1681 937 1784 protriverant)
969 1682 1105 1756 bellum
1129 1683 1307 1779 illaturus,
1336 1708 1445 1782 seque

383 1801 429 1877 de
442 1801 596 1903 acceptis
608 1800 745 1874 ulturus
761 1799 919 1897 injuriis,
935 1798 1109 1875 illustrem
1117 1800 1287 1874 comitem
1301 1805 1443 1874 Dunen-

383 1942 479 2005 sem,
505 1943 615 2015 quem
641 1931 677 1990 et
705 1915 814 1990 veluti
839 1916 1102 2016 proscriptione
1125 1915 1339 2010 damnabat,
1361 1943 1446 1991 cum

382 2035 526 2112 caeteris,
537 2033 651 2132 copiis
670 2031 716 2105 ad
732 2035 917 2105 Astensem
930 2033 1109 2106 civitatem
1121 2047 1157 2107 et
1172 2036 1442 2132 Sagonensem',

296 2179 302 2200 t
384 2172 500 2248 prope
517 2148 619 2221 ducis
645 2146 919 2220 lllediolanensis
944 2163 980 2222 et
997 2149 1228 2224 Januensium
1253 2151 1445 2234 terminos.

384 2265 436 2338 ire
463 2266 592 2364 coegit.
616 2265 709 2355 Qui,
736 2265 869 2338 invitus
893 2265 977 2338 licet
1002 2281 1039 2341 et
1063 2292 1140 2342 non
1166 2291 1277 2368 parva
1302 2267 1448 2340 allectus

383 2382 532 2481 injuria,
549 2382 612 2455 illo
628 2380 811 2482 proiectus
834 2395 886 2454 est
911 2395 948 2454 et
965 2407 1031 2481 per
1048 2408 1164 2457 annos
1184 2384 1343 2484 aliquot,
1366 2381 1446 2456 abs·

383 2522 455 2600 que
478 2497 599 2597 aliquo
627 2523 841 2597 congressu,
861 2513 1080 2592 remoratus3
1100 2498 1235 2590 donec,
1255 2497 1445 2572 adinventa

383 2615 441 2688 via
456 2640 521 2716 per
532 2616 762 2716 prudentiam
777 2641 897 2710 suam,
917 2605 998 2714 quae
1019 2616 1087 2688 sibi
1107 2617 1144 2688 in
1161 2617 1312 2690 Galliam
1328 2630 1362 2690 et
1378 2631 1446 2689 ter·

384 2756 442 2805 ras
458 2757 538 2807 suas
558 2734 715 2808 reditum
730 2735 900 2834 aperiret,
913 2732 1048 2805 loedera
1064 2747 1170 2831 atque
1182 2734 1345 2808 amicitiae
1358 2735 1449 2808 inter
1556 2773 1563 2778 ·

384 2873 506 2946 regem
540 2866 576 2923 et
600 2850 730 2924 ducem
758 2850 952 2928 Mediolani
982 2849 1156 2950 copulatae
1177 2866 1273 2924 sunt.
1308 2851 1449 2941 Quibus

384 2965 605 3059 conciliatis,
624 2967 720 3039 idem
737 2965 882 3039 illustris
907 2991 1029 3040 comes
1049 2967 1226 3040 Dunensis
1243 2968 1279 3040 in
1296 2967 1447 3041 Galliam

384 3075 588 3155 revertendi
606 3080 787 3156 licentiam
805 3083 1020 3181 impetravit.
1262 3067 1269 3096 ¹

385 3284 480 3344 surus
501 3296 531 3344 et
549 3281 690 3346 libertatis
710 3296 829 3344 nostrae.
846 3309 859 3336 ι
881 3284 926 3346 Cl.
944 3283 1076 3366 Philippe
1096 3285 1133 3346 de
1152 3285 1328 3360 Commines,
1341 3285 1450 3347 edition

384 3371 507 3454 Lenglet
522 3373 698 3452 Dulresnoy,
719 3386 742 3450 t,
756 3377 797 3448 11,
812 3394 842 3453 p.
858 3375 935 3450 tto,
950 3373 1059 3436 edition
1072 3375 1109 3436 de
1122 3375 1191 3436 Mile
1204 3379 1341 3457 Dupont,
1357 3388 1380 3436 t.
1395 3379 1450 3448 111,

430 3555 459 3616 1.
479 3557 521 3614 Le
535 3573 589 3614 ms.
604 3553 742 3616 intercale
757 3553 794 3614 ici
807 3574 849 3615 nn
862 3561 913 3632 qui
925 3553 1107 3616 absolnrnent
1119 3554 1232 3616 inutile.

426 3643 458 3703 1.
482 3641 550 3701 Voir
565 3642 712 3705 l’llistoire
726 3644 762 3704 de
776 3644 895 3705 charles
908 3649 973 3720 vlt,
988 3645 1008 3704 l.
1024 3649 1059 3721 V,
1078 3645 1125 3706 ch.
1144 3667 1194 3707 xx.

429 3736 458 3794 3.
480 3732 543 3792 Asu
556 3746 586 3794 et
599 3737 709 3811 Saone,
728 3755 766 3794 ou
779 3753 892 3796 commo
909 3755 947 3794 on
966 3734 1008 3795 dit
1023 3754 1059 3794 en
1073 3735 1196 3813 lranpais
1211 3741 1263 3795 Ast
1281 3745 1311 3794 et
1326 3737 1449 3794 sarone.

387 3826 503 3885 Savone
512 3822 620 3881 n'avait
628 3842 680 3903 pas
692 3823 743 3883 fait
754 3823 898 3884 defection
907 3827 924 3884 a
933 3824 1087 3904 l’exemple
1096 3824 1133 3885 de
1142 3827 1249 3903 Gdnes,
1260 3837 1289 3884 et
1299 3824 1387 3884 Louis
1396 3827 1451 3901 xt,

386 3931 463 3995 pour
484 3931 620 3994 marquer
640 3933 692 3973 son
712 3915 903 3991 avenement,
918 3915 1056 3976 confirma
1074 3917 1123 3990 (26
1138 3915 1255 3977 octobre
1270 3920 1372 3992 1161),
1387 3917 1453 3997 puis

387 4017 543 4084 augmenta
560 4003 597 4064 de
610 4024 767 4065 nouveaux
783 4005 939 4088 privileges
960 4010 1009 4080 (11
1025 4006 1178 4068 decembre
1195 4011 1284 4083 tros)
1300 4007 1329 4067 la
1341 4008 1451 4068 consti-

386 4094 480 4154 tution
494 4113 552 4174 que
565 4093 682 4155 Charles
695 4099 750 4154 Vll
762 4097 841 4157 avait
858 4097 973 4158 donnde
990 4101 1007 4158 t
1029 4111 1103 4158 cette
1118 4099 1205 4175 ville,
1221 4099 1388 4182 gouvemt'te
1401 4097 1453 4158 des

388 4181 448 4242 lora
462 4204 514 4263 par·
529 4183 580 4244 des
594 4183 741 4264 podestats
754 4205 792 4246 au
805 4186 891 4246 choix
901 4187 941 4246 du
950 4186 995 4247 roi
1009 4187 1047 4247 de
1056 4191 1175 4249 France.
1193 4191 1393 4248 omomnces
1404 4189 1454 4246 des

391 4273 447 4332 mis
459 4275 496 4332 de
508 4277 630 4352 nance,
647 4286 667 4332 t.
683 4275 749 4347 XV,
764 4295 795 4357 p.
811 4279 869 4336 137
883 4289 912 4336 et
928 4279 997 4337 aaa.
