3282 5168
609 519 721 578 unm
744 517 931 591 Quantus.
1243 522 1301 580 315

235 651 321 726 driae
352 649 426 724 dux
454 650 592 724 senior¹
618 650 714 725 viam
743 650 865 724 suisset
891 650 1065 726 universos
1092 655 1210 728 camis
1238 655 1302 728 in-

234 792 393 866 gressus,
422 767 523 864 cujus
540 763 691 858 filium²,
720 765 769 839 ob
787 781 969 842 certorum
996 771 1237 871 suspicionem
1259 796 1302 846 ae

234 884 473 984 patrationem
507 881 702 972 scelerum,
735 883 812 982 ipse
834 885 1134 979 Burgundionum
1163 886 1237 968 dux
1261 889 1301 962 iu

234 1023 414 1072 carcerem
430 1012 583 1072 truserat
607 997 671 1076 diu
691 1012 775 1071 ante
798 998 853 1072 sui
869 1000 1039 1096 genitoris
1055 1000 1224 1096 obitum⁸,
1243 1028 1302 1076 ex·

234 1114 456 1214 peditionem
474 1113 578 1187 duxit
595 1113 632 1185 in
650 1112 816 1187 eamdem
831 1113 1030 1206 Geldriam,
1057 1116 1197 1217 sibique
1220 1143 1301 1194 eam

234 1229 343 1304 armis
367 1231 500 1304 victam
519 1245 555 1303 et
577 1228 773 1303 edomitam
798 1230 1006 1328 acquisivit,
1024 1248 1132 1331 atque
1156 1259 1229 1308 suae
1248 1235 1303 1307 di·

234 1348 344 1421 tionis
359 1347 488 1422 effecit.

284 1467 390 1536 Hunc
412 1477 533 1538 autem
550 1461 695 1560 titulum
716 1462 948 1560 coloremque
966 1463 1180 1539 ostendebat
1204 1465 1302 1540 idem

235 1578 309 1651 dux
333 1580 650 1677 Burgundionum,
678 1580 735 1651 ut⁸
756 1577 900 1679 publice
928 1561 1119 1672 serebatur,
1138 1582 1186 1657 ad
1203 1608 1303 1657 eum·

235 1695 319 1769 dem
344 1695 516 1769 ducatum
530 1695 681 1768 Geldriae
696 1695 765 1768 sibi
782 1694 1054 1793 acquirendum.

283 1803 374 1885 Cum
391 1812 489 1886 enim
506 1809 566 1884 ille
587 1812 708 1885 senior
733 1810 807 1883 dux
828 1835 850 1885 a
873 1811 948 1884 filio
975 1824 1044 1897 suo
1070 1811 1250 1886 diceretur
1266 1829 1302 1887 et

228 1911 424 2026 Jactaretur
451 1926 585 2001 inutilis
606 1936 713 2026 atquc
731 1927 912 2000 remissior
934 1926 982 1999 ad
1007 1930 1301 2028 procurationem

234 2059 269 2118 et
290 2044 639 2118 administrationem
666 2045 808 2143 patriae,
829 2043 984 2117 sectione
1007 2043 1132 2120 matris
1159 2047 1250 2118 suae'
1266 2061 1303 2118 et

234 2162 493 2258 nonnullorum
514 2161 567 2234 de
576 2162 708 2261 patria,
726 2160 824 2233 idem
848 2159 942 2233 filius
965 2185 1074 2235 ausus
1094 2173 1145 2235 est
1163 2176 1302 2260 patrem

233 2303 359 2366 suum,
375 2278 492 2352 virum
509 2279 650 2375 utique,
671 2291 711 2351 ut
727 2277 920 2368 ferebatur,
936 2276 1078 2351 bonum
1094 2293 1131 2352 et
1145 2279 1303 2379 pruden-

233 2407 324 2482 tem,
347 2393 430 2468 licet
445 2392 603 2466 fortassis
619 2392 667 2466 ad
684 2390 931 2466 cohibendum
954 2395 1097 2493 rapinas
1113 2409 1149 2468 et
1169 2409 1302 2468 terram

234 2510 270 2584 in
284 2509 473 2582 securitate
485 2523 522 2582 et
529 2509 693 2582 libertate
704 2511 1006 2584 commerciorum
1016 2511 1302 2592 conservandam

233 2625 353 2698 minus
363 2625 461 2723 justo
483 2625 679 2716 intentum,
699 2624 972 2723 apprehendere
995 2641 1032 2700 et
1046 2627 1181 2699 carceri
1199 2652 1301 2702 man·

232 2741 363 2842 cipere.
383 2747 468 2816 Erat
484 2743 581 2814 enim
598 2738 695 2815 idem
713 2740 814 2814 filius,
825 2743 909 2816 satis
925 2767 1007 2815 acer
1023 2742 1168 2840 ingenio
1185 2759 1221 2816 et
1236 2769 1302 2818 cu·

232 2859 339 2959 pidus
355 2856 590 2950 dominandi,
614 2857 711 2930 unde
727 2865 865 2955 patrem
884 2883 1007 2948 suum,
1027 2872 1153 2936 contra
1166 2859 1227 2957 jus
1243 2858 1301 2932 di-

231 2975 358 3046 vinum
389 2987 425 3047 et
452 2973 675 3066 humanum,
706 2972 840 3046 nefarie
867 2989 1166 3073 praesumpserat,
1197 2976 1301 3048 omui

233 3089 397 3169 dominio
415 3103 460 3172 et¹
474 3091 683 3163 auctoritate
699 3089 899 3183 nudatum,
918 3091 954 3162 in
968 3114 1147 3164 carcerem
1160 3091 1301 3166 mittere

233 3223 268 3282 et
284 3207 368 3281 satis
384 3205 461 3279 dire
479 3221 587 3305 atque
602 3205 846 3280 inhumaniter
863 3229 1056 3283 asservare.

280 3326 321 3396 ln
346 3346 421 3419 quo
450 3322 583 3397 scelere
612 3347 696 3396 cum
726 3320 793 3395 sibi
821 3322 1109 3421 Noviomagum⁸
1133 3335 1170 3394 et
1195 3320 1302 3420 plura

233 3441 354 3540 patriae
372 3440 507 3542 oppida
524 3440 663 3516 favores
679 3439 927 3540 impertirent,
945 3438 1160 3538 quibusdam
1178 3453 1298 3514 tamen

233 3557 381 3630 minime
411 3580 594 3631 assensum
626 3555 897 3656 praestantibus,
930 3581 997 3657 per
1028 3579 1144 3644 annos
1178 3557 1301 3657 plures
1344 3593 1346 3596 ·

273 3735 304 3795 1.
326 3733 458 3794 Amould
473 3733 645 3814 d’Egmont,
660 3734 717 3794 duc
732 3732 770 3797 de
783 3733 925 3795 Gueldres
945 3746 974 3794 et
987 3745 1082 3795 comte
1098 3733 1135 3796 de
1149 3735 1298 3816 zutphcu,

232 3839 351 3886 mourut
363 3826 392 3887 le
405 3830 444 3887 et
458 3825 567 3887 sevrier
584 3830 673 3887 teta.

273 3918 303 3975 ἱ.
324 3914 459 3997 Adolphe
473 3917 510 3977 de
522 3915 678 3981 Gueldres.

274 4010 303 4066 3.
326 4009 373 4065 Au
386 4017 633 4067 commeueement
647 4005 683 4064 de
697 4005 810 4064 i’nunee
825 4007 913 4064 ttto.
1012 4041 1016 4048 ·

272 4098 303 4155 t.
326 4097 368 4152 Et
379 4093 452 4154 daus
466 4094 493 4155 ie
509 4112 566 4153 ms.

274 4188 304 4244 5.
326 4183 480 4244 catherine
495 4183 533 4244 de
548 4182 661 4246 Cieros.

274 4277 302 4333 6.
326 4273 477 4354 Nimegue.
