3402 5186
667 498 777 554 LIBER
794 498 943 556 PRIMUS.
1295 502 1333 557 ta

278 631 390 704 natim
411 626 640 700 ecclesiarum
663 627 830 727 praelatis,
849 653 895 700 ne
915 626 1060 701 alicubi¹
1083 627 1175 700 seras
1197 629 1334 728 aliquas

277 746 400 821 venari
414 745 472 819 uel
488 743 603 818 lacere
622 743 744 817 venari
762 743 953 836 auderent,
972 767 1202 843 quocumque
1222 744 1333 818 modo

277 864 334 936 vel
354 863 467 935 forma
488 861 526 934 id
548 860 625 935 fieri
645 859 785 959 possit¹.
810 858 1039 960 Praecipiebat
1060 861 1145 932 item
1167 859 1335 933 omnibus

277 969 469 1081 praediolis,
492 979 555 1077 qui
575 977 712 1076 plagas,
737 976 824 1048 retia
843 977 901 1048 vel
920 977 1068 1073 laqueos
1089 1001 1335 1075 quoscumque

278 1093 483 1168 venatorios
507 1092 701 1179 haherent,
725 1106 902 1188 quatenus
925 1091 1019 1164 insta
1033 1091 1110 1164 dies
1128 1091 1334 1190 quindecim

278 1226 360 1311 post
384 1210 662 1309 publicationem
681 1208 803 1300 edicti,
826 1207 974 1281 eosdem
994 1207 1173 1281 deferrent
1193 1234 1256 1281 seu
1273 1209 1335 1282 de·

278 1326 362 1398 lerri
383 1326 539 1399 lacerent
563 1325 609 1398 ad
633 1323 784 1398 ballivos
810 1325 883 1396 sive
908 1323 1120 1396 senescallus
1151 1323 1333 1417 locorum,

278 1441 346 1516 sub
375 1440 504 1528 eadem
522 1465 594 1540 qua
614 1443 716 1540 prius
740 1463 891 1514 censura
909 1453 946 1511 et
963 1465 1082 1540 poena.
1102 1440 1242 1529 Quibus
1259 1440 1337 1514 bal·

278 1556 357 1629 liris
371 1571 480 1656 atque
491 1556 692 1631 senescallis
703 1555 954 1650 mandabatur,
969 1555 1069 1654 quod
1083 1557 1206 1629 omnia
1218 1556 1338 1653 hujus·

279 1673 378 1746 modi
408 1674 500 1748 retia
520 1687 555 1746 et
577 1673 679 1747 funes
707 1699 771 1746 seu
791 1672 940 1771 laqueos
958 1672 1141 1771 protinus,
1166 1687 1338 1771 tanquam

278 1787 463 1862 haereticos
477 1789 652 1888 relapsos,
671 1790 753 1888 igne
768 1790 998 1862 cremarent⁸.

327 1909 372 1976 Et
401 1929 447 1977 ne
474 1904 630 1978 fortassis
663 1906 834 1979 estimare
863 1905 1017 1978 ministri
1049 1920 1085 1978 et
1117 1918 1340 1978 exsecutores

280 2018 488 2115 hujusmodi
502 2020 755 2093 mandatorum
770 2037 933 2121 possent,
953 2046 996 2094 ea
1011 2045 1140 2120 parum
1156 2020 1230 2118 regi
1246 2044 1340 2094 curre

280 2147 342 2208 aut
358 2159 433 2207 non
446 2133 516 2207 alte
531 2136 653 2208 animo
670 2161 736 2208 suo
754 2136 862 2208 infixa
879 2150 915 2208 et
930 2137 1100 2237 impressa
1116 2135 1205 2226 fore,
1224 2149 1261 2207 et
1275 2160 1341 2234 per

281 2251 355 2324 haec
372 2251 531 2325 mitiores
551 2253 607 2325 vel
625 2253 807 2349 segniores
827 2254 864 2324 in
882 2252 1096 2324 eorumdem
1112 2253 1341 2325 exsecutione

282 2374 524 2466 elliccrentur,
543 2377 694 2472 ipsemet
709 2375 747 2446 in
764 2374 876 2447 domo
893 2373 1114 2448 honorabilis
1138 2374 1278 2448 domini
1296 2373 1342 2446 de

321 2569 350 2623 t.
375 2565 472 2621 Alieni
485 2561 556 2621 dans
568 2561 596 2621 le
612 2580 667 2621 ms.

320 2655 349 2711 2.
372 2655 413 2710 Le
427 2663 502 2710 texte
518 2650 555 2710 de
571 2661 644 2710 cette
661 2648 847 2710 ordonnancc
862 2647 1008 2726 lamense,
1023 2647 1074 2727 qui
1090 2647 1184 2728 paruit
1203 2649 1286 2709 avoir
1298 2651 1343 2711 ete

281 2739 437 2821 rapportc'e
456 2741 542 2821 apres
557 2740 586 2798 la
604 2759 708 2818 guerre
724 2738 765 2797 du
785 2737 853 2797 bien
868 2736 985 2817 public,
1007 2742 1056 2796 n’a
1074 2757 1126 2816 pas
1142 2737 1188 2796 ete
1205 2739 1343 2800 retrouve

278 2830 437 2909 jusqu'ici3
458 2831 530 2888 mais
547 2829 568 2888 il
584 2850 604 2908 y
621 2851 639 2888 a
659 2848 700 2888 un
718 2827 777 2887 edit
795 2827 832 2886 du
852 2831 885 2886 ll
907 2827 971 2900 juin
993 2829 1092 2900 1⁴63,
1114 2827 1207 2886 rendu
1230 2847 1288 2908 peu
1308 2827 1345 2889 de

281 2934 374 2999 temps
395 2921 501 3000 apres,
525 2919 576 2997 qui
600 2919 666 2977 leve
688 2918 716 2977 la
737 2916 914 2997 prohibition
935 2937 971 2976 en
994 2917 1097 2975 laveur
1116 2916 1167 2976 des
1186 2915 1288 2976 nobles
1304 2917 1345 2978 dn

282 3009 452 3087 Dauphine,
470 3005 689 3067 anciennement
705 3007 825 3065 investis
839 3004 878 3063 du
894 3005 970 3063 droit
982 3003 1020 3063 de
1033 3003 1133 3065 chasse
1150 3005 1227 3065 etde
1240 3005 1344 3086 peche,
1366 3004 1372 3012 ’

282 3110 311 3158 et
325 3098 402 3157 aussi
416 3117 454 3157 en
473 3098 575 3156 saveur
593 3096 630 3155 de
650 3109 744 3155 tontes
760 3096 803 3155 les
820 3109 917 3155 autres
935 3115 1093 3175 personnes
1108 3095 1148 3154 du
1164 3099 1259 3155 meme
1274 3115 1346 3177 pays

281 3187 348 3266 qni,
369 3198 547 3267 moyennant
568 3187 701 3261 beauce,
717 3186 834 3245 avaient
850 3185 913 3260 joui
926 3204 985 3264 par
1002 3185 1030 3244 le
1050 3185 1133 3264 passe
1152 3185 1188 3244 de
1205 3185 1233 3244 la
1252 3189 1346 3246 meme

280 3276 478 3358 prerogative.¹
494 3281 536 3336 Le
550 3275 735 3335 considerant
752 3274 789 3334 de
807 3287 880 3334 cette
895 3275 998 3334 sarem
1011 3274 1080 3333 saite
1093 3293 1152 3334 aux
1167 3274 1348 3352 Dauphinois

282 3379 324 3428 est
338 3367 495 3448 singulier:
513 3365 583 3425 c'est
599 3389 613 3418 a
628 3384 703 3443 pour
716 3385 748 3425 ce
761 3369 828 3444 qu'l
842 3365 996 3424 l’occasion
1011 3364 1153 3425 desdictes
1166 3365 1298 3425 de'lenses
1311 3365 1347 3425 de

282 3456 409 3531 chasser,
430 3457 468 3515 ilz
488 3457 541 3532 (les
561 3455 752 3536 Dauphinois)
773 3456 949 3516 deviennent
965 3456 1088 3534 oyseulx
1101 3469 1130 3514 et
1143 3475 1208 3515 sans
1220 3476 1348 3535 occupa-

282 3545 359 3604 cion.
376 3574 389 3598 υ
407 3550 619 3622 (ordonnances
638 3551 688 3605 des
707 3551 763 3606 mr's
780 3551 816 3606 de
828 3553 955 3622 sterce,
972 3560 992 3607 t.
1008 3551 1092 3620 XVI,
1109 3569 1140 3626 p.
1158 3551 1200 3622 l.)
1214 3547 1348 3607 D’autres

283 3634 466 3712 exceptione,
481 3637 552 3696 meis
570 3636 794 3710 individuelles,
811 3637 907 3696 forent
920 3635 1074 3696 accordees
1091 3636 1164 3696 dans
1177 3636 1205 3696 le
1219 3651 1293 3696 reste
1308 3636 1348 3696 dn
1409 3649 1413 3660 '

283 3740 433 3798 royaume.
452 3724 544 3801 Ainsi,
559 3725 587 3784 le
600 3728 639 3785 25
651 3724 767 3800 janvier
781 3727 878 3797 1465,
897 3724 926 3783 le
939 3725 1076 3805 seigneur
1088 3725 1126 3783 de
1138 3726 1261 3804 Razilly,
1277 3725 1349 3784 dans

284 3812 311 3872 le
322 3810 444 3872 chateau
459 3813 566 3892 duquel
583 3815 610 3874 le
625 3815 669 3874 roi
682 3814 760 3874 avait
771 3812 907 3887 se'journe
921 3814 1047 3891 quelque
1062 3827 1166 3893 temps,
1181 3826 1261 3892 repat
1274 3833 1349 3893 pour

284 3901 325 3961 lui
339 3913 368 3962 et
380 3921 412 3959 sa
426 3903 577 3979 poste'n'te,
596 3903 625 3963 le
640 3903 716 3962 droit
729 3904 766 3962 de
780 3902 897 3960 chasser
909 3903 937 3961 le
955 3903 1035 3981 lapln
1051 3907 1067 3962 a
1083 3923 1188 3964 courre
1201 3915 1230 3963 et
1243 3905 1259 3962 a
1276 3903 1349 3963 lilets

287 4017 300 4045 α
318 4011 356 4052 en
373 4011 418 4050 ses
429 3991 557 4067 jardins‚
572 3994 734 4054 conldroies
751 4007 778 4054 et
794 4006 1020 4072 appartenances
1035 3993 1075 4053 du
1089 3993 1223 4053 domaine
1239 3993 1276 4051 de
1288 3997 1349 4052 lla·

284 4079 364 4160 zitty,
378 4107 391 4138 a
408 4079 482 4142 dans
494 4103 534 4141 un
549 4102 640 4164 rayon
651 4084 687 4142 de
700 4083 750 4142 dix
763 4102 869 4162 arpens
882 4096 987 4143 autour
999 4082 1081 4143 dudit
1092 4084 1214 4144 manoir.
1230 4089 1298 4143 Mss.
1313 4082 1349 4142 de

285 4173 313 4231 la
329 4171 404 4234 Bibl.
423 4172 495 4251 imp.
513 4175 661 4232 collection
675 4179 714 4235 D.
731 4178 887 4244 Housseam
900 4188 922 4236 t.
938 4179 1051 4250 xl1‚n.
1067 4177 1158 4234 7518.

276 4319 278 4324 .
327 4266 355 4324 3.
369 4264 413 4323 Cf.
424 4263 598 4333 Chastelain,
608 4263 1315 4344 partie11‚ch.xxxr,etlacqnesDuclercq‚l.V‚c.
1325 4284 1347 4325 1.
