3402 5186
566 565 567 568 ,
652 511 762 570 blm
782 511 931 570 snmus.
1281 519 1320 574 btl

269 642 375 716 ritate
390 641 445 714 sui
460 640 650 734 adventus,
670 641 859 732 Ludcviei,
874 647 1094 717 Francorum
1110 646 1213 742 regis,
1231 646 1325 720 fama

233 746 243 759 '
267 757 350 829 satis
371 755 521 830 celebris
545 756 643 856 apud
663 757 836 856 plurimos
865 775 1108 856 percurreret,
1133 761 1196 858 qui
1217 760 1325 834 fidem

268 897 460 972 moresque
493 897 577 944 suos
607 872 770 946 nondum
802 875 885 946 satis
917 890 1121 974 compertos
1152 875 1326 951 habebat¹

266 987 363 1060 idem
382 1011 443 1060 rex
458 991 627 1076 loannes,
645 1001 684 1058 ut
697 986 765 1059 sibi
783 987 995 1062 rebellantes
1011 990 1201 1064 Catalanos
1216 997 1325 1066 Fran·

267 1129 394 1176 corum
410 1104 519 1176 armis
534 1117 640 1199 atque
657 1102 793 1175 viribus
816 1119 936 1202 posset
952 1129 1117 1179 coercere
1142 1121 1195 1201 et,
1219 1132 1325 1207 repu-

267 1234 416 1318 gnantes
447 1218 566 1308 licet,
601 1218 650 1290 ad
680 1217 748 1290 sibi
783 1220 983 1316 parendum
1011 1236 1048 1294 et
1082 1221 1327 1298 obediendum

266 1358 458 1427 revocare,
488 1335 660 1407 amicitias
686 1349 722 1406 et
747 1333 880 1408 foedera
904 1361 987 1408 cum
1011 1341 1229 1412 Francorum
1245 1365 1327 1438 rege

271 1449 453 1524 Ludovico
470 1448 542 1521 hoc
559 1449 671 1522 modo
689 1451 887 1522 contraxit:

316 1563 426 1656 Quod
450 1564 614 1640 videlicet
639 1563 736 1636 idem
760 1570 982 1638 Francorum
1008 1591 1071 1640 rex
1096 1569 1328 1666 promittebat

269 1681 549 1752 barcinonenses
563 1680 723 1776 aliosque
740 1679 890 1753 rebelles
906 1683 1060 1781 propriis
1077 1683 1277 1782 sumptibus
1292 1700 1328 1758 et

267 1799 440 1872 militibus
464 1801 536 1872 suis
557 1800 603 1872 ad
627 1801 739 1898 ipsius
761 1799 1007 1874 obedientiam
1025 1802 1215 1898 reducere,
1243 1806 1327 1878 etei

268 1929 433 2014 parentes
450 1929 557 2012 atque
582 1914 791 1988 obedientes
809 1915 961 1990 efficere.
990 1922 1058 1992 Pro
1079 1943 1152 2017 qua
1168 1944 1206 1993 re
1220 1922 1327 2020 perfi-

268 2029 396 2103 cienda
417 2045 453 2102 et
472 2031 678 2104 necessariis
696 2031 865 2130 impensis
884 2031 1122 2131 perferendis,
1149 2035 1328 2134 pollicitus

268 2159 321 2217 est
340 2169 403 2217 rex
420 2151 625 2243 drogonum
642 2169 679 2218 se
695 2146 863 2219 daturum
876 2149 909 2220 ei
925 2148 1081 2222 ducenta
1096 2150 1204 2224 millia
1221 2151 1327 2227 flore·

269 2285 400 2335 norum
421 2260 467 2334 de
492 2263 691 2360 magonia,
719 2277 756 2334 et
781 2278 820 2334 ut
847 2264 892 2336 de
917 2287 1057 2338 summa
1078 2265 1327 2366 hujuscemodi

269 2374 403 2449 idoneo
420 2383 639 2452 Francorum
656 2378 729 2475 regi
745 2393 891 2452 caurum
907 2379 1020 2470 lieret,
1039 2383 1206 2479 promisit
1220 2385 1327 2457 etiam

269 2491 335 2564 sibi
369 2492 510 2566 tradere
543 2517 669 2564 omnes
700 2490 862 2564 redditus
888 2508 923 2565 et
946 2511 1142 2593 proventus
1169 2497 1325 2572 duorum

268 2608 516 2691 comitatuum,
533 2607 741 2679 Rossilionis
753 2607 886 2678 scilicet
902 2622 936 2680 et
948 2609 1161 2705 Ceritaniae¹,
1175 2636 1241 2711 per
1255 2635 1328 2686 ma·

270 2747 338 2795 nus
363 2747 512 2795 suorum
530 2737 757 2822 receptorum
777 2724 989 2820 quotannis,
1009 2749 1124 2822 usque
1150 2724 1195 2797 ad
1225 2725 1329 2800 dictae

270 2839 413 2935 integrae
426 2863 573 2910 summae
585 2837 816 2930 solutionem,
826 2837 997 2912 levandos
1010 2854 1046 2911 et
1057 2840 1326 2940 percipiendos3

269 2953 514 3051 consignando
531 2953 636 3026 etiarn
657 2969 692 3025 et
708 2954 955 3027 contradendo
982 2955 1019 3028 in
1043 2954 1115 3028 suis
1137 2956 1327 3049 manibus,

270 3070 347 3141 vice
362 3070 542 3169 pignoris,
561 3069 823 3170 possessionem
838 3085 873 3142 et
886 3071 1051 3144 saisinam
1070 3073 1177 3144 trium
1195 3074 1329 3146 arcium

312 3281 340 3336 l.
362 3281 404 3337 Le
417 3277 462 3336 roi
475 3275 622 3358 d'Aragon
635 3296 673 3336 ne
685 3277 805 3356 pouvait
813 3297 865 3356 pas
874 3277 957 3336 avoir
966 3276 1112 3340 d’illusion
1121 3297 1171 3337 sur
1180 3277 1208 3336 le
1219 3292 1331 3356 compte

270 3365 307 3425 de
319 3367 407 3426 Louis
420 3370 480 3440 x1‚
500 3387 549 3426 car
562 3387 599 3428 en
615 3369 692 3426 lasa
709 3367 729 3424 il
749 3366 827 3425 avait
846 3366 897 3426 fait
913 3387 954 3426 un
969 3367 1052 3426 traitt‘r
1065 3387 1136 3426 avec
1149 3366 1267 3428 Cbarles
1278 3369 1332 3428 vn

271 3475 345 3533 pour
358 3455 460 3515 l'aider
478 3455 619 3516 acbatier
635 3475 669 3514 ce
682 3456 727 3514 fils
744 3455 870 3528 rebelle,
887 3469 916 3514 et
931 3456 968 3516 de
982 3457 1061 3535 plus,
1079 3467 1166 3534 ayant
1178 3455 1331 3516 cherchea

270 3546 343 3605 faire
363 3545 478 3605 oublier
496 3559 569 3606 cette
583 3545 738 3604 demarche
754 3545 872 3623 lorsque
887 3545 990 3605 l’autre
1007 3546 1051 3604 fut
1071 3547 1131 3616 roi,
1152 3545 1173 3603 il
1194 3545 1272 3604 avait
1293 3565 1332 3605 ru

269 3633 357 3692 Louis
376 3637 436 3707 xl,
457 3635 695 3694 non-seulement
708 3653 862 3712 repousser
875 3653 920 3692 ses
933 3645 1121 3707 ouvertures,
1136 3634 1209 3692 mais
1229 3653 1334 3693 encore

271 3720 354 3778 offrir
367 3739 398 3779 sa
413 3722 573 3799 protectior
588 3741 648 3781 aux
670 3722 754 3780 villes
771 3721 808 3778 de
829 3720 995 3800 Catalogne.
1013 3719 1089 3779 C’est
1108 3740 1195 3798 parce
1214 3739 1272 3801 que
1291 3723 1334 3781 les

271 3807 355 3865 villes
369 3827 405 3866 ne
421 3810 578 3872 voulurent
596 3829 646 3889 pas
663 3811 763 3868 laisser
779 3808 935 3886 l'ctranger
951 3827 982 3867 se
998 3820 1101 3866 mettre
1118 3821 1200 3868 entre
1217 3811 1287 3869 elles
1306 3823 1336 3868 et

271 3895 336 3954 leur
349 3898 519 3974 souverain,
538 3919 596 3977 que
615 3899 673 3958 don
690 3901 781 3968 tuan,
797 3915 850 3974 par
865 3915 904 3954 un
919 3896 1036 3956 marche
1050 3901 1089 3957 orl
1102 3898 1122 3956 il
1140 3891 1250 3978 croyait
1263 3899 1334 3977 qu’il

271 3984 406 4066 duperait
419 3987 446 4045 le
457 3988 501 4046 roi
515 3989 551 4047 de
564 3991 690 4060 France,
705 3987 737 4046 fit
752 3997 872 4045 tourner
884 3984 1004 4046 celui-ci
1018 3986 1055 4047 de
1068 4007 1121 4048 son
1134 3990 1209 4049 cote.
1223 3989 1333 4064 (Jurita,

272 4079 378 4133 Artales
400 4077 437 4132 de
460 4081 489 4132 la
510 4097 611 4134 corona
630 4080 667 4134 de
690 4081 820 4153 Arugon,
847 4073 868 4136 l.
893 4078 1166 4152 XVl,c.1.rr,et
1189 4076 1210 4136 l.
1233 4080 1333 4153 xvtt,

272 4184 299 4224 c.
320 4185 401 4223 xxix.

312 4255 342 4310 1.
365 4257 420 4314 Les
432 4253 542 4312 οοιιιιόι
555 4253 592 4312 de
609 4252 774 4314 ttonssillon
788 4252 865 4312 etde
878 4252 1038 4334 Gerdague.
