3384 5184
637 529 745 586 uuna
765 514 964 590 smtmuus.
1269 537 1326 593 rur

277 655 426 729 militem
440 663 447 696 ¹
459 711 469 748 ,
483 672 518 729 et
539 657 733 731 Cardinum
749 659 811 732 des
825 666 973 750 Essars,
995 663 1153 736 nobilem
1171 667 1323 752 virumn

274 772 475 869 imprecans
489 797 553 871 per
568 772 714 846 eosdem
736 775 913 847 dictorum
927 777 1131 877 principum
1148 782 1275 854 auxilia
1292 801 1326 857 et
1379 801 1384 813 ·

274 885 382 959 fidem
396 889 434 959 in
450 913 513 960 sua
529 905 684 962 extrema
701 892 907 963 necessitate
917 894 939 963 ³.

323 1003 393 1075 Sed
420 1029 524 1096 cum,
556 1029 622 1103 pro
651 1020 831 1104 tempore,
861 1008 990 1081 auxilia
1012 1010 1159 1083 minima
1186 1015 1326 1089 mittere

273 1143 377 1216 posse
402 1145 439 1192 se
463 1135 687 1214 excusarent,
707 1122 877 1217 eoquod
900 1123 1016 1196 dictus
1044 1127 1187 1200 illustris
1200 1155 1325 1204 comes

272 1259 353 1308 suas
375 1237 496 1334 copias
513 1237 548 1308 iu
574 1238 673 1308 terris
698 1238 967 1325 leodiensium,
992 1241 1057 1312 sibi
1082 1243 1324 1318 infestissimo·
1356 1293 1362 1304 ·

273 1375 351 1423 rum
377 1350 553 1440 bostium,
581 1353 778 1448 eduxisset,
809 1354 1047 1454 quibustuae
1072 1357 1175 1431 valde
1203 1386 1324 1434 neces·

273 1469 366 1539 sario
403 1468 598 1566 indigeret,
632 1471 745 1568 rogati
775 1485 859 1542 sunt
883 1472 989 1543 etiam
1021 1488 1060 1544 ut
1092 1499 1156 1572 per
1188 1476 1323 1574 legatos

270 1609 389 1681 regem
410 1610 642 1658 commonere
668 1586 820 1676 vellent,
845 1601 1020 1682 quatenus
1045 1593 1318 1688 Normanniam,
1400 1615 1401 1620 ’

271 1698 369 1770 fratri
385 1726 452 1773 suo
469 1702 611 1791 datam,
629 1700 805 1776 dimittere
818 1703 940 1790 vellet,
958 1705 1240 1804 promissamque
1256 1710 1322 1782 sibi

270 1831 304 1887 et
321 1819 454 1890 eaeteris
478 1817 699 1917 principibus
717 1821 897 1914 sanguinis
913 1822 967 1890 sui
984 1835 1019 1892 et
1037 1822 1190 1917 juratam
1212 1823 1320 1896 fidem

269 1935 418 2007 minime
437 1937 582 2008 violare.
607 1935 715 2022 Quod
739 1937 767 2007 si
790 1937 1010 2034 praetendcre
1031 1965 1090 2011 rex
1117 1939 1238 2034 vellet,
1265 1943 1320 2014 vel

268 2073 344 2123 uon
377 2075 514 2147 aequam
540 2053 615 2124 lore
641 2053 871 2151 partitionem
897 2052 942 2124 de
972 2057 1189 2129 Normannia
1210 2083 1319 2154 quam

271 2159 459 2238 uuico‘sibi
485 2169 581 2240 fratri
602 2193 669 2267 pro
683 2184 783 2267 parte
801 2194 863 2242 sua
876 2170 1097 2250 ¹haereditaria
1113 2174 1315 2270 assignarat,

267 2283 322 2356 vel
348 2286 515 2357 eumdem
535 2286 570 2356 in
596 2311 679 2358 eum
704 2286 837 2382 aliquid
855 2287 1036 2360 admisisse
1055 2305 1202 2387 propter
1220 2289 1318 2387 quod

268 2423 310 2471 ea
327 2399 506 2498 indignus,
527 2401 580 2473 vel
603 2401 758 2498 legitime
781 2402 975 2499 privandus
997 2405 1134 2475 censeri
1150 2404 1314 2494 deberet,

266 2514 439 2588 ollerebat
457 2517 552 2589 idem
570 2516 642 2588 dux
668 2518 913 2605 Normanniae,
942 2542 1063 2594 coram
1090 2545 1316 2614 regeconvm

264 2633 351 2705 catis
368 2647 402 2706 et
416 2632 651 2707 assidentibus
671 2632 818 2704 l'aribus
839 2634 1011 2722 Franciac,
1028 2635 1100 2729 juri
1118 2635 1238 2708 sistere
1255 2660 1316 2707 eo-

262 2767 412 2843 rumque
428 2745 577 2819 decretis
591 2745 740 2816 omnino
760 2769 882 2843 parere
897 2745 999 2817 velle.

312 2865 428 2949 Quam
453 2861 709 2933 humanitatem
733 2859 938 2957 hujusmodi
961 2861 1139 2959 principes
1167 2860 1317 2933 libentes

269 2993 537 3072 concesserunt,
554 2979 732 3050 mittentes
748 2993 895 3076 propter
911 2977 982 3048 boc
993 2977 1158 3054 diversim
1171 2993 1205 3050 et
1221 2978 1315 3074 sigil-

264 3093 383 3188 latim,
402 3110 474 3166 tam
500 3109 601 3192 pater
623 3117 730 3190 quam
755 3091 847 3164 filius
867 3117 974 3185 suus,
997 3116 1081 3165 suos
1101 3093 1255 3188 legatos,
1281 3109 1317 3166 et

265 3211 456 3282 scribentes
478 3225 549 3281 tam
566 3209 613 3280 ad
630 3235 748 3306 regem
767 3233 875 3306 quam
891 3208 937 3281 ad
951 3225 1096 3280 caeteros
1117 3209 1313 3307 principes,

267 3329 413 3402 eosdem
430 3326 595 3400 obnixius
613 3326 775 3424 rogando
793 3341 828 3398 et
845 3325 1059 3422 requirendo
1077 3342 1252 3425 quatenus
1265 3327 1314 3400 ita

264 3444 377 3516 lacere
391 3445 539 3532 vellent,
553 3458 588 3514 et
600 3444 693 3515 viam
704 3442 793 3539 juris
805 3441 990 3540 amplecti,
1007 3443 1136 3539 rejecta
1148 3444 1206 3515 viu
1216 3443 1311 3515 sacti.

261 3558 331 3630 Sed
342 3558 591 3656 hujuscemodi
604 3581 728 3630 eorum
741 3556 904 3655 precibus
918 3581 993 3651 rex,
1010 3559 1313 3657 opportunitatem

264 3674 481 3772 exsequendi
506 3701 584 3774 quae
610 3688 822 3772 conceperat
843 3687 968 3746 nactus
991 3673 1111 3771 (juxta
1135 3700 1176 3747 ea
1197 3699 1312 3772 quaea

266 3789 519 3864 Mediolanensi
542 3792 633 3863 duce
656 3790 722 3862 sibi
750 3789 854 3861 luisse
878 3790 1040 3862 consulta
1059 3815 1165 3890 supra
1191 3791 1310 3862 retuli-

263 3905 383 4003 mus),
409 3930 482 3977 non
506 3905 701 3978 obaudivit.
734 3904 804 3991 Qui
830 3905 947 3976 statim
970 3921 1161 4004 postquam
1182 3918 1312 3977 statum

300 4088 329 4142 l.
358 4085 465 4143 Brunet
479 4082 515 4142 de
527 4082 725 4164 Longchamp,
740 4082 882 4144 chevalier
895 4084 1046 4149 normand.

302 4177 331 4234 2.
356 4173 460 4235 Cardia
476 4174 526 4235 des
540 4177 660 4248 Basaro,
674 4173 787 4251 ccuyer.

303 4269 331 4327 3.
354 4267 423 4324 Vorr
437 4263 603 4342 l'Apologr'e,
619 4263 639 4321 l.
655 4267 679 4337 1,
697 4283 722 4320 c.
739 4283 791 4324 ru.
