3322 5172
593 519 703 587 LIBER
733 529 916 601 QUARTUS.
1227 524 1286 585 36⁸

224 661 369 734 tulimus
386 661 492 733 luisse
513 661 683 734 comitem
695 660 959 753 Sancti-Pauli,
984 661 1013 732 si
1036 683 1121 732 eum
1139 658 1207 732 sub
1224 683 1287 734 sua

224 801 333 850 manu
350 776 484 849 habere
500 791 633 877 posset.
660 783 752 851 Eum
766 777 863 850 enim
878 779 952 875 jam
968 776 1078 873 longo
1096 790 1179 848 ante
1195 789 1287 848 torn·

223 919 313 994 pore
338 891 406 966 sibi
429 894 515 966 satis
541 908 746 993 suspectum
779 909 886 993 atque
913 917 1061 966 exosum
1087 890 1286 983 habuerat,

224 1009 325 1108 quod
342 1035 417 1082 non
434 1009 501 1082 sibi
518 1035 562 1082 cx
576 1009 648 1082 fide
665 1011 881 1083 ministraret
894 1024 1001 1109 atque
1012 1009 1181 1101 serviret,
1202 1007 1285 1101 sed,

223 1125 322 1198 velut
344 1123 503 1224 perfidus
525 1128 797 1224 prevaricator,
823 1124 932 1196 etiam
957 1149 999 1197 ex
1024 1124 1164 1197 diversa
1187 1137 1288 1223 parte

225 1241 434 1314 consisteret
461 1254 496 1312 et
519 1255 646 1313 contra
670 1265 708 1313 sc
736 1241 875 1313 occulte
903 1241 1058 1339 plurima
1085 1238 1283 1312 moliretur.

225 1361 314 1446 Quae
340 1357 425 1429 odia
453 1371 488 1428 et
517 1357 629 1430 malas
652 1358 698 1430 de
727 1384 765 1430 se
794 1359 1017 1457 suspiciones
1045 1356 1141 1430 idem
1165 1373 1288 1430 com'es

225 1498 301 1546 non
324 1473 514 1569 ignorans,
541 1488 577 1546 et
602 1473 648 1546 dc
668 1499 734 1546 suo
758 1497 863 1571 rege,
891 1473 941 1545 ob
958 1487 1183 1572 patratorum
1205 1497 1226 1545 a
1251 1497 1289 1546 se

226 1573 506 1682 conscientiam,
528 1589 716 1681 diflidens,
735 1588 943 1661 multotiens
960 1613 1078 1687 aroge
1094 1605 1287 1684 evocatus,

226 1706 282 1779 sui
295 1705 519 1805 praesentiam
535 1704 669 1792 facere,
685 1705 792 1778 variis
801 1689 885 1776 usus
900 1704 1210 1797 excusationibus,
1229 1705 1290 1776 de·

226 1836 414 1914 tractarat,
443 1845 584 1926 semper
610 1823 711 1918 juxta
740 1821 890 1894 limitem
916 1834 1091 1892 terrarum
1120 1819 1222 1892 ducis
1253 1845 1290 1894 se

226 1938 442 2032 continens,
463 1939 500 2010 in
520 1938 763 2010 munitissimis
780 1939 902 2011 castris
923 1963 1001 2036 quae
1022 1934 1094 2010 illic
1118 1934 1287 2010 habebat.

226 2057 320 2127 Sane
341 2079 425 2126 cum
445 2079 508 2126 rex
524 2053 720 2152 aliquando
741 2071 915 2154 sperasset
937 2080 1021 2127 eum
1039 2052 1108 2126 sibi
1130 2053 1291 2126 reconci-

228 2170 314 2244 liare
335 2170 522 2268 fidumque
539 2170 607 2243 sibi
625 2168 788 2266 efficere,
808 2173 900 2244 inter
925 2197 987 2244 eos
1010 2171 1110 2245 locus
1128 2183 1291 2270 accepta-

228 2302 285 2362 tus
294 2289 554 2387 condictusque
564 2291 707 2383 fuerat¹,
720 2289 767 2362 ad
777 2315 886 2388 quem
896 2305 1046 2387 uterque
1055 2289 1289 2381 conveniens,

229 2407 321 2479 inter
344 2432 381 2479 se
405 2431 511 2505 super
536 2406 762 2479 concilianda
779 2407 933 2480 amicitia
957 2406 1180 2503 sinistrisque
1208 2404 1292 2477 abo·

229 2510 345 2595 lendis
360 2523 626 2622 suspicionibus
651 2522 827 2596 haberent
849 2522 1101 2620 colloquium’.
1120 2520 1192 2592 Sed
1217 2544 1292 2593 non

230 2638 316 2712 alias
330 2639 367 2711 id
385 2640 460 2737 regi
486 2663 645 2712 annuere
667 2640 764 2712 idem
786 2663 908 2712 comes
926 2639 1057 2729 voluit,
1082 2639 1149 2710 nisi
1166 2651 1201 2710 et
1218 2639 1293 2738 ipse

231 2755 278 2827 ad
293 2754 437 2848 locum,
453 2780 557 2854 ecquo
571 2781 656 2827 cum
674 2781 756 2853 rege
772 2757 926 2829 militum
943 2780 1095 2828 numero
1119 2756 1291 2853 stipatus,

230 2872 354 2944 venire
387 2886 534 2972 posset,
572 2887 607 2945 et
639 2873 810 2972 repagula
839 2898 904 2947 seu
930 2871 1046 2944 barrae
1074 2871 1295 2947 intermedia

231 2993 356 3091 positae
374 2992 514 3083 forent,
541 3018 643 3092 quae,
669 3018 715 3066 ne
731 2992 816 3065 hinc
838 2993 923 3066 inde
945 3006 1073 3064 contra
1099 3016 1137 3064 se
1161 2993 1295 3066 insilire

231 3123 397 3207 possent,
416 3110 663 3209 prohiberent.
691 3113 757 3183 Cui
782 3110 905 3184 lormae
927 3125 963 3182 ct
986 3107 1206 3203 conditioni,
1230 3109 1295 3182 ha·

147 3265 153 3276 ·
232 3225 361 3300 bendae
386 3251 470 3299 cnm
490 3229 620 3301 eodem
641 3252 707 3302 suo
731 3228 857 3326 utique
884 3227 1030 3301 subdito
1058 3251 1099 3299 ac
1124 3226 1297 3298 servitore

233 3342 502 3437 collocutionis,
522 3369 606 3416 cum
621 3371 682 3417 rex
699 3347 951 3438 consensisset,
966 3345 1052 3416 alias
1068 3343 1216 3416 minime
1232 3342 1298 3417 ba-

233 3458 319 3533 bere
331 3459 455 3532 valens
467 3483 533 3557 pro
547 3475 634 3531 tunc
645 3486 729 3532 cum
744 3463 822 3560 ipso
834 3459 1066 3559 colloquendi
1078 3459 1295 3553 facultatem,

235 3577 304 3651 alte
318 3592 438 3650 tamen
452 3575 663 3673 hujusmodi
677 3577 845 3675 injuriam
858 3579 932 3650 suis
948 3576 1062 3649 infuit
1078 3579 1295 3676 praecordiis.

277 3856 306 3914 t.
328 3856 369 3915 Le
382 3873 450 3914 nom
463 3852 500 3914 de
515 3865 561 3913 cet
573 3850 688 3913 endroit
700 3863 743 3912 est
756 3851 832 3910 reste
846 3871 883 3910 en
896 3850 981 3912 blanc
993 3851 1065 3914 daus
1077 3854 1118 3914 les
1130 3853 1299 3913 manuscrits

236 3954 266 4004 ct
287 3943 410 4004 editions
430 3944 467 4003 de
484 3944 512 4003 la
530 3942 699 4021 Chronique
713 3941 909 4003 scandaleuse.
935 3945 974 4003 Ge
990 3943 1053 4003 doit
1072 3947 1133 4004 atre
1150 3945 1246 4022 Ognes
1260 3963 1300 4003 ou

236 4031 415 4108 abbacourt,
439 4033 553 4114 d’apres
575 4032 752 4108 Commines,
769 4030 870 4111 qnile
886 4032 968 4112 place
988 4057 1004 4087 ι
1027 4036 1044 4092 l
1064 4034 1133 4092 trois
1150 4031 1241 4092 lienes
1263 4031 1300 4092 de

236 4126 354 4203 Royan,
367 4126 454 4186 tirant
475 4145 541 4186 vers
554 4125 583 4186 la
596 4128 681 4198 Fere,
696 4145 747 4186 sur
764 4143 822 4184 une
835 4123 925 4206 petite
943 4123 1053 4185 riviere
1064 4124 1109 4199 (le
1123 4143 1159 4182 ru
1173 4121 1211 4182 de
1225 4124 1300 4184 Cau·

239 4220 376 4363 moilitillrl
393 4303 466 4364 avril
481 4307 571 4365 1414.
