3402 5186
398 545 436 604 ts
668 542 924 633 ffisronttnptt
944 542 1120 599 Lttoovml
1139 543 1183 598 xl

399 675 573 775 oppidum
600 674 766 746 Picardiae
797 699 835 746 se
861 673 1050 746 conferret.
1082 671 1190 760 Quod
1221 671 1302 743 licet
1338 671 1449 744 sactu-

399 817 479 864 rum
495 817 533 863 se
550 791 680 888 pluries
698 790 962 890 respondisset¹‚
980 805 1015 860 et
1030 789 1075 861 ad
1091 787 1180 859 fines
1195 788 1273 860 illos
1286 813 1347 859 rex
1363 787 1450 859 bina

397 907 474 977 vice
500 906 537 976 in
564 904 759 976 Picardiam
782 903 962 1002 profectus
982 917 1090 990 esset,
1118 903 1223 972 variis
1243 916 1363 972 tamen
1388 903 1450 973 de-

396 1037 515 1094 tentus
534 1020 798 1121 impedimentis
816 1019 853 1092 id
874 1021 1019 1091 minime
1038 1034 1123 1092 tunc
1141 1019 1274 1109 effecit,
1304 1019 1367 1091 sed
1390 1045 1449 1092 ex·

397 1136 610 1221 cusationes,
626 1160 715 1232 quas
724 1150 811 1206 tunc
824 1134 955 1206 habere
972 1148 1124 1231 poterat,
1140 1135 1213 1230 regi
1227 1136 1450 1207 innotescere

279 1295 284 1304 ·
397 1252 491 1324 lecit.

447 1368 530 1462 Ejus
549 1381 666 1438 tamen
685 1365 806 1436 medio
824 1379 931 1460 atque
948 1365 1165 1451 interventu,
1188 1363 1273 1435 bina
1289 1365 1368 1436 vice
1389 1390 1449 1437 rex

355 1567 361 1584 ι
397 1485 614 1588 Francorum
639 1505 720 1552 cum
746 1479 913 1551 Edoardo
938 1503 1042 1576 rege,
1073 1503 1135 1579 spe
1160 1477 1391 1550 conciliandae
1414 1493 1450 1549 et

397 1595 579 1668 firmandae
595 1596 711 1693 pacis,
739 1609 877 1691 treugas
893 1593 972 1663 iniit
987 1607 1095 1690 atque
1111 1593 1191 1664 fecit
1211 1619 1219 1662 :
1238 1593 1371 1691 primas
1387 1618 1448 1665 an-

396 1711 514 1804 nales,
539 1710 713 1783 secundas
734 1708 780 1780 ad
799 1709 922 1805 viginti
947 1708 1038 1780 duos
1061 1711 1230 1780 menses'.
1256 1712 1345 1795 Quae
1366 1734 1449 1808 pro-

396 1827 489 1898 fecto
517 1827 622 1898 etiam
650 1826 795 1898 exitium
822 1822 930 1895 totale
957 1823 1177 1896 consobrino
1202 1850 1268 1896 suo
1294 1825 1448 1896 Henrico

397 1945 540 2040 suisque
580 1942 740 2012 maximae
776 1940 983 2012 calamitatis
1020 1964 1162 2012 causam
1199 1942 1444 2038 prestiterunt.

395 2061 549 2130 Securus
564 2058 660 2128 enim
677 2071 762 2128 tunc
778 2056 823 2127 de
839 2057 981 2127 Francis
1001 2055 1206 2148 Ednardus,
1225 2081 1347 2128 versus
1362 2059 1448 2129 Sco·

396 2175 482 2244 tiam
509 2187 544 2243 et
572 2172 618 2243 ad
646 2173 744 2267 regni
773 2170 900 2269 tngtiae
923 2169 1030 2262 fmes,
1061 2172 1097 2241 in
1125 2170 1257 2269 quibus
1284 2171 1450 2243 nonnulli

396 2313 561 2387 proceres
581 2313 623 2360 ac
641 2288 779 2359 nobiles
799 2291 915 2385 regni,
934 2289 995 2385 qui
1019 2287 1168 2360 fideliter
1191 2305 1225 2362 et
1245 2303 1450 2361 constanter

397 2404 571 2490 Henrico,
605 2403 679 2500 regi
709 2428 794 2491 suo,
832 2403 1073 2487 adhaeserant‚
1109 2402 1301 2476 nonnulla³
1331 2403 1450 2476 adhuc

396 2518 529 2616 oppida
556 2533 589 2590 et
617 2518 758 2590 castella
783 2517 980 2609 tenebant,
1018 2519 1283 2618 expeditionem
1309 2519 1447 2592 direxit.

396 2634 557 2705 Obsessis
578 2650 696 2707 autem
719 2635 902 2706 nonnullis
925 2635 1070 2727 castris,
1098 2659 1216 2731 quasa
1239 2636 1312 2707 suis
1332 2634 1449 2707 adbuc

395 2747 558 2822 hostibus
575 2750 801 2838 tenebantur,
822 2751 968 2822 eosdem
987 2750 1033 2822 ad
1049 2751 1293 2824 dimicandum
1311 2753 1445 2848 coegit3

397 2863 434 2934 in
449 2889 522 2961 quo
534 2865 726 2936 certamine
738 2868 855 2935 omnis
868 2890 968 2963 paene
985 2866 1165 2958 nobilitas,
1183 2867 1450 2966 Henricipartes
1470 2893 1471 2902 ¹

397 2993 533 3072 secuta,
561 2978 743 3050 infeliciter
767 2978 933 3052 occubuit
943 2982 965 3049 ⁸.
989 2985 1031 3050 Et
1054 2983 1101 3053 ita
1127 2998 1256 3079 treugae
1278 3008 1365 3080 quas
1384 2984 1449 3056 ha·

395 3093 503 3167 bebat
528 3095 714 3167 Edoardus
740 3120 822 3166 cum
840 3099 1057 3168 Francorum
1087 3122 1188 3196 rege,
1213 3099 1279 3170 sibi
1304 3101 1451 3203 quidem

397 3209 532 3297 faustae,
554 3209 771 3281 Henricianis
789 3235 873 3282 vero
896 3212 990 3283 exitii
1012 3225 1119 3309 atque
1139 3215 1338 3286 exterminii
1365 3239 1451 3286 cau-

397 3347 473 3395 sam
486 3324 742 3423 praestiterunt,
768 3325 817 3396 sic
833 3349 896 3422 per
906 3327 1128 3400 [ludovicum
1142 3329 1265 3426 adjuto
1281 3331 1448 3420 Henrico,

397 3439 615 3512 consobrino
640 3465 726 3534 suo,
751 3441 810 3512 eui
835 3441 942 3540 paulo
959 3458 1041 3516 ante
1058 3460 1157 3519 tanta
1172 3472 1211 3519 se
1223 3447 1351 3520 auxilia
1367 3472 1451 3546 prae·

350 3665 357 3678 ·
401 3651 405 3656 '
440 3649 468 3705 l.
492 3603 648 3725 Recept'ssct
661 3649 731 3710 dans
745 3649 772 3709 le
788 3669 842 3710 ms.

439 3739 468 3798 2.
492 3743 532 3798 La
550 3741 691 3817 premiere
710 3743 806 3812 utve,
826 3741 945 3800 conclue
965 3744 981 3800 a
999 3743 1090 3820 partir
1107 3743 1146 3802 du
1164 3746 1203 3804 20
1223 3746 1340 3805 octobre
1359 3749 1452 3819 1⁴63,

398 3846 474 3906 pour
484 3828 712 3908 durerjusqu'au
725 3834 734 3888 l
741 3841 763 3867 ⁰*
772 3829 889 3889 octobre
898 3833 987 3904 1464,
997 3851 1034 3891 ne
1046 3835 1210 3892 concernait
1221 3855 1278 3914 que
1290 3836 1331 3894 les
1338 3857 1454 3916 aggres-

398 3917 475 3976 sions
491 3937 544 3996 par
559 3931 650 3989 terre;
669 3919 724 3978 elle
737 3920 779 3977 lut
792 3919 915 3978 etendue
930 3923 946 3977 b
962 3919 989 3979 la
1004 3940 1065 3979 mer
1080 3922 1182 4001 depuis
1197 3925 1224 3982 le
1238 3925 1276 3983 20
1292 3925 1349 3985 mai
1363 3927 1450 3982 1464.

398 4009 517 4084 Rymer,
530 4011 662 4083 Fcedem,
676 4021 745 4078 etc,
762 4020 782 4067 t.
797 4012 852 4084 XI,
867 4031 897 4088 p.
915 4013 989 4080 508,
1005 4023 1033 4067 et
1048 4012 1169 4092 leuglet
1181 4015 1356 4090 Dufresnoy‚
1370 4015 1454 4073 Com·

398 4103 498 4169 mines,
515 4109 535 4156 t.
551 4101 594 4172 11,
612 4119 641 4177 p.
658 4100 727 4158 tlt.

403 4181 408 4202 '
440 4188 468 4244 ³.
491 4191 689 4265 Nonnulloque
701 4187 772 4244 dans
784 4186 812 4246 le
825 4207 879 4246 ms.

440 4281 470 4337 l.
492 4277 773 4358 AHedgley·Moor‚
789 4281 828 4338 25
841 4278 914 4338 avril
929 4280 1019 4340 tttt.
