3282 5168
594 541 703 596 nmn
722 539 887 595 nonnus
1109 501 1113 508 ’
1215 537 1268 592 an
1347 593 1351 602 ,

261 675 435 746 Henricus
453 688 595 765 autem,
615 697 697 745 cnm
717 685 832 744 tantas
850 671 918 744 sibi
942 675 1149 771 provenisse
1171 673 1272 746 cala·-

211 797 352 864 mitates
367 791 572 890 inspiceret,
591 814 699 886 seque
715 787 761 861 de
775 813 855 884 rege
867 789 1014 883 iterum,
1034 805 1115 890 post
1132 790 1272 862 dierum

211 930 411 1006 paucorum
431 904 629 994 curricula,
649 905 686 975 in
703 928 882 976 carcerem
900 917 934 976 et
953 904 1194 1002 captivitatem
1213 929 1271 976 re-

211 1022 380 1114 ductum;
399 1047 436 1093 se
454 1021 600 1092 unicum
619 1019 752 1111 filium,
771 1020 808 1090 in
826 1044 899 1116 quo
917 1033 992 1092 tota
1009 1045 1089 1118 spes
1101 1020 1200 1118 regni
1218 1041 1279 1091 re··

210 1139 328 1236 posita
354 1136 554 1227 videbatur,
580 1160 664 1206 cum
690 1148 744 1206 tot
763 1135 984 1234 principibus
1008 1151 1043 1208 et
1069 1133 1269 1228 nobilibus,

211 1277 357 1325 suarum
373 1253 529 1351 partium
547 1249 714 1322 studiosis
732 1264 768 1322 et
783 1250 1048 1341 defensoribus,
1072 1247 1166 1323 bello
1183 1252 1273 1322 ami-

210 1368 312 1459 sisse;
342 1368 533 1464 conjugem
559 1368 667 1439 etiam
696 1367 732 1438 in
764 1368 910 1439 victoris
939 1393 1069 1440 manus
1097 1369 1272 1466 captivam

211 1483 414 1581 pervenisse
440 1507 449 1555 t
474 1508 558 1554 eum
581 1497 761 1555 tantarum
786 1482 930 1580 pondus
950 1498 985 1556 et
1003 1484 1188 1556 cumulum
1208 1483 1272 1556 ad·

210 1600 418 1672 versitatum
437 1614 473 1672 et
494 1598 718 1672 miseriarum
740 1598 832 1671 ferre
852 1623 928 1670 non
954 1615 1095 1696 posset,
1120 1600 1155 1670 in
1180 1600 1269 1692 sata,

211 1713 311 1786 luctu
333 1729 368 1787 et
394 1740 548 1788 moerore
573 1714 778 1807 conlectus,
806 1715 1012 1787 concessit¹.
1042 1719 1121 1786 Non
1149 1729 1270 1788 tamen

211 1828 423 1923 defuerunt,
456 1832 518 1928 qui
550 1829 703 1902 dixerint
735 1831 835 1926 jussu
866 1814 1048 1920 Edoarrli,
1080 1843 1272 1928 postquam

211 1948 326 2018 victor
340 1946 546 2018 Londonias
559 1971 603 2018 ex
619 1944 906 2044 septentrionali,
931 1953 982 2018 ut'
994 1946 1159 2044 proximo
1185 1944 1272 2018 dixi·

211 2088 310 2158 mus,
330 2064 433 2163 plaga
451 2063 663 2155 introiisset,
683 2063 894 2136 sullocatum
913 2063 1049 2135 eumin
1071 2085 1213 2134 carcere
1238 2077 1272 2136 et

211 2194 398 2252 enecatum
415 2179 558 2269 luisse'3
574 2178 620 2250 de
637 2203 711 2276 quo
728 2205 811 2250 oum
828 2179 951 2276 aliquo
968 2178 1181 2250 contentiosi
1197 2203 1273 2252 esse

211 2322 286 2368 non
304 2297 483 2369 volumus.
503 2296 686 2393 Exsequias
703 2309 820 2367 tamen
840 2295 907 2367 sibi
922 2297 960 2366 in
978 2295 1103 2368 eadem
1117 2294 1205 2367 urbe
1217 2321 1273 2370 ce·

210 2413 367 2509 lebriter,
395 2438 497 2486 more
522 2436 664 2507 regum,
696 2411 793 2485 laetae
821 2427 920 2505 sunt,
949 2427 984 2484 et
1015 2437 1114 2484 sacra
1141 2413 1273 2487 funeris

211 2529 404 2629 persoluta.

261 2645 326 2718 Die
342 2660 463 2717 autem
476 2669 578 2715 xxrv.
599 2640 760 2740 ejusdem
775 2643 906 2714 mensis
919 2643 1020 2734 maii,
1040 2667 1199 2740 egressus
1220 2658 1273 2715 est

213 2762 334 2835 denuo
352 2761 539 2835 Edoardus
560 2787 641 2854 rex,
661 2760 709 2832 ad
730 2760 897 2856 reliquias
919 2786 1067 2832 suorum
1085 2759 1272 2834 rebellium

212 2941 253 3002 du
270 2941 326 3002 duo
343 2941 380 3002 de
398 2947 581 3021 Bourgognc.
601 2937 793 3018 Marguerite,
811 2937 973 3019 largement
989 2953 1172 3016 entretenue‚
1191 2942 1213 3000 il
1231 2955 1274 3026 est

211 3031 286 3104 vrai,
302 3031 345 3091 fut
362 3031 467 3111 gardis
483 3047 596 3088 comme
609 3026 801 3107 prisonniere,
817 3026 939 3086 d’abord
952 3032 969 3086 a
984 3027 1011 3088 la
1023 3032 1112 3104 Tour,
1130 3030 1240 3090 ensuite
1256 3033 1273 3089 a

211 3121 405 3202 Willinglord.
421 3120 483 3180 Elle
498 3126 579 3179 n'eut
592 3139 624 3178 sa
640 3115 742 3176 liberte
756 3121 845 3194 qu'au
857 3116 929 3178 bout
943 3118 979 3177 dc
992 3118 1059 3197 cinq
1072 3139 1134 3195 ans,
1150 3139 1273 3200 moyen·

211 3223 282 3268 nant
295 3231 352 3269 une
368 3212 442 3269 sorte
460 3227 568 3286 ranqon
584 3227 641 3286 que
657 3227 731 3286 pays
745 3207 832 3265 Lonis
853 3211 910 3281 XI;
931 3221 960 3266 et
976 3207 1026 3268 des
1044 3209 1150 3287 qu’elle
1165 3211 1208 3269 fut
1222 3229 1272 3270 ra-

211 3299 322 3373 chetee,
338 3299 393 3358 elle
407 3319 438 3359 se
451 3299 518 3358 hsta
532 3297 568 3358 de
581 3297 640 3356 fuir
653 3296 787 3376 d'aupres
801 3296 838 3356 de
851 3298 926 3357 celui
937 3299 987 3377 qui
999 3299 1067 3358 erait
1079 3298 1107 3358 le
1121 3301 1274 3360 meurtrier

212 3386 315 3448 deson
329 3389 373 3447 fils
390 3401 419 3448 et
433 3387 534 3447 deson
550 3387 634 3446 mari.

252 3481 281 3537 l.
307 3502 321 3532 α
337 3479 419 3536 Print
428 3496 504 3556 pour
517 3495 550 3535 ce
562 3476 599 3534 tel
612 3494 771 3548 courroux,
782 3495 840 3552 que
851 3475 887 3535 de
898 3476 1048 3557 desplaisir
1059 3491 1087 3536 et
1100 3479 1274 3539 merancolie

212 3567 232 3627 il
247 3581 364 3628 mourut
378 3569 406 3628 le
420 3571 470 3627 ll·
481 3569 550 3642 jour
563 3564 661 3624 dudict
674 3584 767 3642 moys.
783 3590 798 3617 a
814 3565 946 3625 Relation
961 3567 1110 3644 lranoaise.

251 3663 281 3722 2.
304 3665 345 3719 Le
358 3660 560 3720 continuateur
571 3655 608 3714 de
622 3655 768 3714 l'Histoire
781 3654 818 3714 de
832 3657 987 3734 Croyland,
1005 3659 1132 3737 quoique
1146 3658 1186 3719 du
1199 3661 1274 3738 parti

212 3749 331 3826 d’Yorlr,
345 3770 383 3810 ne
397 3750 480 3808 laisse
494 3765 589 3807 aucun
604 3743 690 3803 doute
704 3746 720 3800 rl
736 3755 782 3802 cet
793 3744 881 3822 &gard
898 3766 905 3801 z
924 3769 938 3797 u
953 3749 1055 3806 Pareat
1069 3753 1149 3807 Deus
1163 3761 1192 3808 et
1204 3768 1273 3827 spa-

212 3839 284 3900 tium
304 3840 477 3920 poenitentiae
500 3837 526 3896 ei
546 3836 647 3912 donet,
670 3833 846 3913 quicumque
868 3846 925 3892 tam
947 3836 1099 3916 sacrilegas
1120 3857 1222 3896 manus
1242 3837 1273 3895 in

212 3929 357 3990 Christum
373 3927 491 3988 Domini
511 3945 597 3986 ausus
615 3936 658 3984 est
679 3923 833 3981 immittere
856 3945 862 3979 ι
887 3923 1013 3984 undeet
1033 3945 1121 4006 agens
1142 3925 1272 4004 tyranni,

212 4021 380 4099 patiensque
405 4018 523 4099 gloriosi
539 4013 673 4093 martyris
693 4013 808 4071 titulum
830 4025 985 4072 mereatur.
1001 4039 1016 4069 s
1031 4015 1101 4074 Voir
1123 4015 1151 4073 la
1173 4027 1273 4074 conrte

213 4123 242 4169 et
272 4109 467 4170 substantielle
496 4106 678 4166 dissertation
702 4123 760 4181 que
786 4106 825 4165 M.
852 4103 979 4183 Lingard
1001 4125 1018 4164 a
1044 4104 1115 4162 mise
1142 4122 1179 4163 en
1205 4115 1273 4163 note

212 4221 280 4261 sous
294 4205 322 4260 le
335 4199 406 4259 sicit
418 4198 455 4257 de
470 4197 499 4255 la
513 4207 590 4256 mort
607 4195 644 4254 de
659 4192 750 4252 Heuri
762 4194 808 4250 Vl.
827 4197 951 4251 Histoire
966 4197 1178 4271 d'Angleterre,
1194 4206 1214 4254 t.
1230 4197 1271 4270 11,

214 4311 240 4350 G.
257 4311 298 4352 nt.
