3282 5168
580 519 691 576 unua
710 519 893 590 Quantus.
1211 523 1268 582 aas

206 648 385 742 servabat,
401 649 607 747 ceterisque
624 650 731 722 etiam
745 650 888 750 oppidis
908 651 1065 726 ecclesiae
1079 655 1269 727 Colonien-

206 767 267 840 sis.
291 765 540 842 causabantur
563 792 694 866 nempe
710 769 827 868 ipsum
846 769 1175 870 archiepiscopum,
1195 797 1268 848 non

207 899 246 957 ut
272 898 413 984 patrem
445 899 481 956 et
512 899 710 984 pastorem,
740 885 953 960 dominandi
982 885 1138 984 legitime
1164 901 1270 961 usum

206 1015 395 1099 potestate,
419 1000 482 1073 sed
498 1001 597 1096 regio
612 1026 713 1074 more
730 1027 791 1073 seu
810 1004 928 1101 potius
951 1004 1153 1098 tyrannico,
1173 1004 1270 1076 nulla

207 1115 279 1189 fide
296 1120 409 1216 'atque
430 1117 564 1213 justitia
585 1119 731 1190 servatis
757 1118 907 1191 subditis
929 1119 1104 1212 ecelesiae,
1123 1144 1190 1218 pro
1206 1144 1271 1193 sua

206 1232 375 1327 libidine,
406 1233 444 1304 in
474 1225 566 1330 quos
598 1232 758 1310 libuisset
790 1235 914 1307 saevire
946 1233 1118 1324 voluisse,
1145 1259 1270 1306 eorum

207 1345 390 1422 abutendo
406 1348 621 1449 corporibus
643 1365 751 1448 atque
766 1348 885 1421 bonis.
913 1349 1030 1440 Unde,
1056 1348 1184 1422 talibus
1210 1375 1270 1422 oc·

207 1488 350 1538 currere
362 1465 546 1537 studentes
556 1464 736 1564 periculis,
750 1463 795 1537 ab
808 1464 884 1561 ejus
897 1489 934 1538 se
944 1464 1080 1538 ditione
1096 1463 1272 1538 abstraxe-

207 1594 290 1654 rant
305 1595 340 1654 et
356 1607 433 1654 sese
445 1583 482 1654 in
496 1607 611 1654 unum
622 1607 705 1658 cum
720 1581 904 1655 nobilibus
928 1595 964 1652 et
983 1580 1128 1679 oppidis
1150 1582 1273 1680 patrita

207 1695 430 1794 colligarent.
454 1701 498 1767 Et
526 1697 611 1795 quia
638 1696 933 1793 Burgundionum
959 1696 1049 1784 dux,
1073 1699 1134 1795 qui
1161 1696 1271 1796 paulo

207 1829 305 1902 ante,
329 1816 382 1886 uti
404 1814 602 1904 retulimus,
622 1809 831 1914 [Geldriam]
848 1813 1100 1912 conquisierat,
1123 1829 1272 1912 propter

209 1931 370 2028 ejusdem
386 1955 553 2027 magnam
572 1930 771 2028 potentiam
789 1944 895 2028 atque
914 1929 1081 2001 viciniam
1096 1944 1272 2002 terrarum

207 2070 374 2136 suarum,
405 2045 491 2144 ipsis
516 2068 648 2141 magno
674 2045 801 2116 terrori
827 2059 935 2141 atque
961 2043 1145 2116 formidini
1172 2059 1270 2136 erat,

207 2161 306 2259 quod
330 2163 438 2235 etiam
461 2161 595 2252 scirent
616 2159 927 2259 archiepiscopum
945 2186 1069 2254 suum,
1091 2160 1142 2233 eis
1157 2160 1272 2232 insen·

207 2303 307 2372 sum,
333 2277 471 2350 malum
501 2277 547 2350 ad
567 2301 630 2348 eos
654 2276 816 2348 animum
842 2275 1052 2370 observare,
1081 2301 1156 2349 sese
1189 2292 1273 2350 ante

207 2395 435 2491 ingruentem
451 2393 698 2465 necessitatem
716 2393 913 2492 prudenter
923 2408 1030 2490 atque
1041 2392 1274 2492 providenter

207 2511 421 2610 praemunire
444 2523 632 2602 curarant,
658 2534 836 2608 suumque
862 2505 1041 2608 oppidum
1063 2510 1168 2602 vino,
1195 2508 1272 2580 sru-

208 2642 331 2700 mento
349 2629 557 2726 caeterisque
567 2625 614 2698 ad
623 2626 759 2698 victum
768 2626 975 2698 necessariis
989 2641 1097 2724 atque
1108 2625 1177 2718 his,
1194 2648 1274 2722 quae

208 2767 276 2843 pro
300 2744 428 2842 oppidi
451 2745 507 2816 sui
530 2743 755 2842 protectione
779 2766 821 2814 ac
845 2742 1044 2814 munimine
1066 2755 1273 2841 opportuna

208 2859 527 2954 existimaverant¹,
545 2857 735 2957 opulenter
751 2871 787 2930 et
808 2857 955 2955 copiose
973 2858 1221 2957 impleverant.

258 2975 312 3047 Ad
339 2999 449 3073 quam
479 3001 556 3048 rem
583 2975 691 3046 etiam
717 2969 950 3045 Colonienses
978 2997 1041 3044 eos
1076 2971 1273 3072 plurimum

210 3093 405 3166 amicarant
437 3092 588 3166 consilio
625 3105 661 3164 et
692 3091 859 3188 juverant
891 3090 1038 3164 auxilio.
1078 3095 1168 3164 Nam
1183 3085 1186 3090 Α
1201 3115 1275 3165 una

209 3233 293 3282 cum
309 3209 507 3306 lantgravio
521 3209 682 3299 Hassiae',
698 3233 807 3306 quem
822 3207 931 3280 veluti
948 3207 1274 3282 administratorem

209 3329 463 3428 temporalium
482 3327 636 3402 eoelesiae
653 3327 879 3402 Coloniensis
903 3326 1145 3421 adsciverant,
1164 3344 1201 3402 et
1218 3330 1274 3406 su·

209 3455 336 3516 turum.
348 3444 598 3520 desiderabant
614 3442 924 3543 archiepiscopum
937 3448 1077 3538 suum⁸,
1091 3447 1121 3518 si
1136 3448 1273 3546 potuis·

210 3575 289 3633 sent
305 3561 432 3635 alium⁸
456 3583 682 3660 quacumque
707 3560 744 3639 ui
766 3561 823 3633 vel
846 3548 1138 3662 astu'tlepellere,
1164 3565 1274 3640 collo-

250 3811 281 3869 l.
306 3811 470 3885 Opportune
482 3811 693 3868 existimaverat
707 3807 779 3868 dans
791 3809 820 3868 le
836 3828 890 3869 ms.

251 3900 280 3956 2.
304 3898 413 3969 Remi,
429 3898 588 3977 landgrave
602 3898 638 3957 de
651 3901 753 3956 Hesse.

252 3990 280 4047 3.
304 3990 380 4047 C’est
390 3992 529 4063 Hermon,
548 3987 624 4047 frere
637 3987 677 4046 du
693 3984 852 4066 laudgrave
865 3985 902 4045 de
915 3990 1016 4061 flesse,
1030 3999 1058 4047 et
1071 4008 1130 4047 non
1142 3989 1172 4049 le
1188 3989 1273 4050 land·

210 4095 300 4157 grave
322 4077 482 4152 tut-meme,
497 4098 555 4158 que
575 4078 617 4138 les
635 4075 780 4136 habitauts
794 4074 831 4136 de
849 4075 977 4156 cologne
997 4079 1167 4162 opposaient
1180 4083 1196 4138 a
1210 4083 1271 4140 Ro-

211 4165 277 4226 bert
292 4165 330 4226 de
344 4167 475 4228 Baviere.

252 4259 282 4316 t.
305 4254 495 4317 C'esna-dire
508 4253 618 4315 Robert
631 4254 667 4313 de
680 4255 811 4314 noviers
