3014 5010
189 407 244 463 120
459 403 715 460 fflsronllntnr
735 404 913 461 LUDOVICI
933 406 975 461 Xl

187 537 406 633 conspicere.
431 538 498 620 lta,
517 536 573 605 cni
598 536 746 606 victoria
764 550 850 607 tuuc
867 537 1029 624 cesserit,
1048 561 1121 607 non
1146 537 1253 607 facile

188 653 258 723 dici
277 667 406 748 posset.
427 652 462 721 Si
481 677 540 721 rex
558 652 594 720 in
609 650 689 721 loco
706 652 790 740 illo,
810 652 846 720 in
858 653 930 722 suis
946 654 1086 736 castriS,
1107 652 1163 721 vel
1179 650 1252 720 sal·

190 781 262 838 tem
279 769 313 836 in
331 792 412 838 arce
432 792 510 862 quae
524 766 595 837 illic
610 768 692 836 satis
709 767 811 837 lirma
828 782 901 854 est,
921 769 1165 856 remansisset,
1181 766 1252 837 sibi

133 918 136 924 ·
188 885 374 955 victoriam
399 884 515 954 lorsan
542 908 707 978 arrogare
735 886 920 981 potuisset.
952 885 1021 956 Sed
1044 887 1146 981 quia,
1175 886 1253 956 ad—

189 1014 457 1096 vesperascente
474 999 550 1086 die,
571 1001 643 1095 ipse
658 1025 740 1069 curn
757 1001 895 1097 paucis,
917 1002 977 1097 qui
996 1001 1061 1071 sibi
1083 1027 1253 1098 perman·

187 1131 321 1204 serant,
348 1115 559 1185 Corbolium
574 1131 625 1185 est
651 1116 842 1212 proiectus,
870 1118 1143 1212 Burgundiones
1161 1143 1251 1189 vero

186 1232 223 1303 in
246 1233 318 1302 suis
341 1233 463 1303 castris
486 1257 567 1302 cum
589 1258 654 1302 suo
678 1234 807 1303 comite
828 1234 873 1304 de
894 1234 1094 1320 Clrarolois,
1117 1248 1151 1304 et
1174 1247 1253 1303 tota

187 1363 293 1419 nocte
320 1363 355 1418 et
380 1352 542 1444 sequenti
569 1349 626 1420 die
651 1351 778 1437 etiam,
803 1363 1098 1446 permanserunt,
1124 1349 1206 1419 ideo
1230 1373 1252 1418 a

188 1465 309 1537 multis
331 1465 521 1536 coloratius
545 1467 715 1552 victoria,
740 1463 818 1536 licet
840 1491 912 1536 non
938 1467 1148 1551 incruentae,
1168 1465 1253 1534 titu-

189 1580 245 1653 lus
259 1597 293 1652 et
310 1581 429 1652 honor
443 1584 493 1655 eis
506 1582 635 1654 deserri
654 1583 806 1652 videtur.

238 1703 276 1767 ln
295 1723 337 1768 eo
352 1699 473 1796 praelio
489 1700 555 1770 luit
574 1701 609 1769 in
631 1712 774 1793 gutture
790 1697 996 1769 vulneratus
1017 1698 1092 1794 ipse
1110 1696 1254 1766 illustris

188 1839 311 1887 comes
321 1814 365 1886 de
381 1815 576 1905 Clrarolor's,
588 1816 649 1911 qui
661 1816 698 1885 in
711 1839 902 1910 congressu
915 1827 1023 1910 atque
1034 1815 1251 1900 interventu,

191 1955 266 2003 non
294 1930 404 2000 modo
423 1930 540 2017 ducis,
561 1931 623 2000 sed
642 1931 874 2001 strenuissimi
898 1931 1004 2000 etiarn
1032 1953 1162 1999 munus
1184 1929 1254 1997 mi-

190 2045 259 2116 litis
277 2047 417 2141 agebat.

241 2166 319 2232 Non
337 2161 488 2232 dubium
507 2186 609 2247 vern,
630 2162 658 2232 si
673 2189 731 2234 rer
749 2187 827 2234 suas
845 2162 1024 2261 pedestres
1036 2163 1158 2260 copias·
1170 2187 1255 2232 cum

190 2279 353 2349 curribus
370 2295 404 2350 et
421 2278 596 2349 machinis
613 2305 734 2350 secum
749 2280 953 2370 habuisset,
970 2281 1255 2374 mansissemque

190 2397 352 2489 equitum
382 2409 505 2465 turrnae
534 2419 622 2491 quas
651 2422 734 2466 cum
767 2397 899 2467 comite
931 2397 1184 2467 Cenomanniae
1218 2413 1256 2467 et

191 2510 343 2583 domino
361 2510 406 2579 de
423 2511 686 2581 Monte-Albani
707 2511 827 2605 sugam
847 2511 1025 2606 accepisse
1044 2510 1252 2596 retulimus,

190 2627 279 2723 quin
303 2627 476 2695 exercitus
504 2625 797 2722 Burgundionum
827 2625 1060 2696 verisimiliter
1086 2651 1255 2719 magnum

192 2743 382 2815 discrimen
407 2743 786 2829 incurrisset-Quibus
810 2756 929 2812 tamen
952 2743 981 2812 si
1005 2744 1165 2813 Britones
1183 2767 1257 2813 ma-

192 2871 270 2927 ture
293 2884 330 2927 se
346 2860 561 2952 junxissent,
582 2884 665 2929 cum
690 2883 806 2953 regem
826 2873 1070 2953 cognoverunt
1088 2882 1151 2927 eos
1171 2882 1256 2954 prn-

194 2998 318 3068 perare
331 2974 494 3068 aggredi,
515 2974 749 3044 verisimiliter
767 2975 909 3067 integrae
923 2975 1014 3043 vires
1025 2973 1154 3043 militiae
1167 2975 1257 3066 regis

195 3089 356 3158 sullicere
382 3091 529 3160 minime
557 3108 618 3163 aut
643 3089 833 3160 dilliculter
856 3091 1014 3185 utrisque
1042 3091 1254 3186 potuissen13

195 3204 257 3275 sed
276 3206 340 3300 ipsi
361 3206 538 3292 Britunes,
559 3205 647 3275 dum
668 3204 713 3274 ad
731 3220 910 3275 certamen
935 3221 968 3274 et
995 3205 1154 3300 praelium
1169 3228 1259 3273 con-

195 3336 337 3382 currere
350 3313 570 3397 debuissent,
588 3316 672 3385 satis
690 3313 824 3411 perlide
837 3328 871 3384 et
886 3313 1122 3409 ignominiose
1135 3336 1171 3380 se
1183 3336 1261 3405 ege-

197 3444 294 3498 runt.
321 3437 410 3500 (lum
440 3434 554 3520 enirn,
587 3431 802 3503 adventante
831 3456 913 3527 rege
938 3430 983 3500 ad
1015 3427 1259 3499 inuadendum

195 3545 482 3639 Burgundiones,
497 3563 612 3619 castra
630 3573 695 3618 sua
709 3546 883 3619 haberent
900 3545 946 3616 ad
965 3559 1122 3642 quatuor
1141 3545 1260 3614 leucas

194 3687 309 3759 prope
326 3661 446 3732 locum
469 3690 543 3760 quo
562 3665 723 3761 praelium
744 3676 950 3734 consertum
968 3677 1040 3747 est,
1059 3661 1125 3758 ipsi
1146 3674 1261 3729 castra

196 3794 381 3851 moventes
397 3806 507 3878 usque
529 3782 573 3852 ad
593 3797 729 3878 septem
753 3781 871 3850 leucas
888 3777 968 3847 loco
986 3776 1190 3847 certaminis
1208 3799 1262 3843 re·

195 3901 467 3966 tri‘icessertrnt'.
497 3902 537 3967 Et
564 3911 701 3990 tamen,
722 3921 848 3968 eorum
876 3917 996 3983 causa,
1018 3895 1093 3990 ipse
1118 3891 1262 3963 illustris

241 4080 267 4132 l.
286 4077 306 4133 ll
326 4092 367 4133 est
388 4077 512 4156 possible
533 4098 590 4156 que
611 4078 652 4136 les
672 4084 791 4138 Bretnns
808 4078 885 4136 nient
903 4077 951 4133 sair
970 4094 1008 4131 nn
1024 4082 1211 4131 mourement
1224 4089 1262 4128 en

196 4167 304 4225 arrii-re
323 4168 466 4246 lorsqu'ils
483 4181 581 4227 surent
596 4168 762 4248 l’approclre
776 4168 816 4226 ‹lu
833 4167 892 4240 roi;
909 4164 981 4223 mais
996 4184 1071 4243 pour
1085 4160 1183 4219 stiriis
1197 4159 1261 4216 n’e-
