3282 5168
415 587 472 644 338
685 579 941 640 HISTORIARUM
960 577 1138 636 Lnnovtcl
1156 579 1200 634 XI

306 705 311 714 ⁹
416 719 570 794 obsessis
601 716 768 790 solatium
797 727 836 785 'et
862 712 1071 803 munimen,
1105 709 1354 784 obsessoribus
1383 736 1470 784 vero

415 859 545 934 magna
561 833 678 908 attulit
697 828 941 904 incommoda.

462 953 555 1024 Sane
566 974 650 1022 oum
665 946 736 1019 illic
753 931 1048 1042 Burgundionum
1064 941 1137 1017 dux
1151 966 1216 1015 sua
1232 957 1347 1014 eastra
1363 941 1473 1014 habe·

413 1081 480 1162 ret,
500 1090 581 1164 quae
605 1062 655 1136 ibi
679 1073 975 1163 menseaugusto
999 1059 1086 1142 anni
1106 1083 1372 1150 sncoocmmv.
1399 1058 1475 1158 pri-

413 1208 514 1258 mum
540 1181 719 1253 locaverat
731 1181 753 1268 ¹,
778 1191 813 1250 et
838 1191 933 1248 terra
948 1175 999 1249 cis
1020 1174 1197 1274 Rhenum,
1214 1189 1320 1274 atque
1337 1175 1473 1248 flumen

315 1345 318 1354 ·
412 1296 530 1374 navali
556 1297 662 1368 etiarn
687 1293 937 1392 expeditione,
964 1290 1072 1388 longa
1097 1289 1286 1364 obsidione
1306 1289 1475 1362 obsessos

412 1426 607 1514 premeret,
634 1408 827 1483 nonnullas
848 1409 958 1482 etiam
977 1407 1100 1507 copias
1120 1390 1303 1510 peditum,
1331 1405 1475 1478 circiter

413 1530 461 1603 ad
476 1530 550 1602 duo
567 1527 680 1601 millia
694 1526 905 1617 hominum,
925 1525 1158 1598 Colonienses
1176 1539 1276 1596 trans
1291 1523 1472 1617 Rhenum,

410 1671 454 1720 ex
480 1645 631 1719 adverso
653 1643 785 1717 Nussiae
799 1643 1046 1731 collocarunt,
1069 1643 1148 1739 qui,
1178 1665 1225 1713 ne
1250 1641 1475 1738 Burgundio-

413 1787 477 1841 nes
493 1761 590 1835 illam
607 1760 905 1834 transrhenanam
927 1757 1156 1858 provinciaru-
1172 1758 1406 1850 incursarent,
1429 1783 1473 1832 ex

410 1903 497 1954 eave
526 1901 709 1950 annonam
739 1876 807 1949 sibi
837 1889 1037 1977 quererent
1066 1889 1127 1948 aut
1150 1875 1471 1976 praedasagerent,

410 2007 623 2070 averterent.
660 1997 688 2064 Α
720 1991 851 2091 quibus
883 1991 1145 2065 infestabantur
1179 2017 1255 2066 non
1287 1991 1474 2066 modicum

411 2127 527 2184 eastra
551 2109 740 2200 hostium,
762 2106 809 2180 ad
836 2108 927 2206 quae'
943 2132 1056 2206 usque
1072 2123 1192 2208 petras
1216 2124 1252 2181 et
1266 2107 1336 2182 alia
1355 2109 1475 2207 Jacula

411 2228 484 2300 stris
501 2224 675 2300 machinis
688 2223 882 2322 jaciebant.

458 2342 530 2416 Sed
545 2366 628 2414 cum
645 2365 689 2412 ex
713 2340 785 2412 suis
800 2338 938 2412 viribus
965 2339 1014 2412 ad
1031 2338 1180 2436 longum
1210 2365 1285 2412 non
1310 2341 1475 2416 confide·

388 2447 492 2532 'rent
523 2457 756 2532 Colonienses
782 2455 952 2554 potentiae
987 2453 1089 2526 ducis
1128 2455 1339 2554 Burgundite
1368 2483 1474 2557 posse

407 2575 587 2664 resistere,
607 2573 694 2672 quin
712 2585 749 2644 et
767 2569 974 2644 Nussienses
987 2584 1025 2641 et
1038 2569 1105 2668 ipsi
1123 2571 1356 2669 postmodum
1372 2572 1474 2648 dedi·

412 2695 550 2768 tionem
571 2695 686 2766 lacere
711 2706 945 2788 cogerentur,
964 2691 1086 2761 sinon
1103 2690 1251 2763 aliunde
1266 2689 1335 2764 sihi
1350 2692 1474 2768 desen·

365 2901 371 2914 ι
415 2818 526 2890 sionis
552 2814 716 2916 praesidia
744 2824 1015 2910 compararent,
1045 2825 1124 2885 toto
1152 2813 1280 2885 annisu
1307 2832 1476 2888 curarant

414 2949 455 3007 ut
483 2933 709 3008 Fredericum
732 2931 1003 3029 imperatorem,
1034 2929 1073 3000 in
1098 2955 1163 3002 sua
1192 2933 1329 3004 Austris
1357 2935 1475 3030 quies-

415 3063 577 3142 centem,
610 3072 695 3120 oum
714 3045 941 3148 expeditione
959 3043 1115 3141 quadam
1135 3044 1181 3117 ad
1198 3056 1299 3119 suam
1316 3048 1477 3122 adduoe·

415 3178 496 3238 rent
517 3163 707 3236 civitatem.
729 3164 895 3258 Ipsorum
923 3161 1029 3255 igitur
1056 3158 1302 3259 frequentibus
1325 3178 1360 3236 et
1375 3189 1477 3264 paene

414 3277 565 3353 assiduis
580 3280 738 3378 pulsatus
757 3273 923 3374 precibus
952 3291 988 3348 et
1014 3277 1180 3375 querelis,
1204 3277 1350 3354 allectus
1367 3281 1477 3354 etiam

415 3394 624 3480 muneribus
633 3407 669 3466 et
679 3391 880 3466 honorariis
891 3391 991 3491 (nam
1003 3407 1136 3467 certam
1151 3397 1313 3494 pecunia·
1325 3413 1477 3496 quotam

416 3524 635 3583 menstruam
658 3533 726 3609 pro
742 3509 913 3607 impensis
934 3508 1004 3582 sibi
1022 3509 1210 3601 faciendis,
1227 3514 1413 3612 ¹quamdiu
1436 3516 1476 3587 in

416 3652 458 3701 ea
469 3625 913 3726 expeditioneremoratus
921 3641 1025 3717 esset,
1041 3642 1077 3700 et
1092 3627 1210 3704 donec
1223 3629 1270 3702 ad
1287 3630 1377 3705 fines
1392 3657 1478 3706 suos

416 3745 583 3846 proprios
605 3756 807 3834 remeasset,
833 3743 1169 3842 promisisse-atque
1194 3748 1383 3822 exsolvisse
1408 3751 1478 3848 ipsi

414 3861 647 3935 Colonienses
669 3859 904 3957 ferebantur),
916 3861 1039 3960 copias
1055 3887 1099 3935 es
1115 3875 1190 3936 tota
1205 3889 1308 3964 paene
1323 3867 1476 3938 Germa·

415 3979 475 4054 nia
491 3978 703 4054 contrahere
719 3991 773 4051 est
786 3975 947 4050 adortus.

455 4241 485 4298 ¹.
508 4241 549 4298 Le
568 4235 624 4302 duo
634 4235 731 4295 arriva
743 4233 955 4294 effectivement
968 4235 996 4293 le
1009 4239 1047 4294 3⁰
1059 4215 1155 4310 juillet
1168 4239 1246 4295 tm
1260 4253 1328 4296 sous
1342 4236 1383 4296 les
1397 4255 1477 4296 murs

415 4327 452 4387 de
465 4331 557 4387 lleuss
570 4339 599 4386 et
615 4345 635 4404 y
651 4326 707 4405 prit
721 4325 793 4404 logis
808 4324 880 4385 dens
893 4323 1026 4402 l'ahbaye
1042 4325 1079 4385 de
1092 4329 1300 4388 Notre-Deme.
