3272 5182
407 532 465 594 rra
617 555 620 565 κ
673 487 938 593 Ἠιετοωωι
957 529 1137 588 eunoun
1156 529 1200 586 x1

406 666 584 758 versariis3
609 690 651 740 ac
672 685 819 738 omnem
837 687 938 764 spem
959 663 995 734 in
1020 662 1096 760 ejus
1117 659 1251 766 amilio
1272 661 1470 760 repositam

406 783 540 858 habere
552 782 754 857 videbatur.
813 873 815 878 ,

455 899 509 972 ld
527 899 566 973 id
582 913 703 972 autem
719 896 992 996 perficiendum,
1011 894 1107 967 velut
1123 894 1288 992 apposito
1302 892 1370 968 sibi
1388 893 1471 966 ido·

408 1039 553 1112 neoque
579 1015 737 1087 maximo
764 1015 1023 1096 instrumento,
1052 1025 1128 1084 astu
1157 1025 1192 1082 et
1215 1009 1471 1084 calliditatibus

408 1130 502 1203 illius
527 1129 786 1204 sceleratissimi
813 1127 1029 1227 proditoris,
1056 1125 1197 1198 comitis
1222 1124 1268 1199 de
1283 1127 1468 1216 Warvr'ch,
1547 1111 1561 1130 ⁶

407 1245 587 1334 utebatur,
607 1267 672 1343 per
688 1243 790 1339 cujus
805 1241 1027 1341 proditiones
1043 1255 1079 1314 et
1094 1235 1199 1313 dolos
1216 1266 1277 1312 rex
1294 1243 1472 1315 Henricus

408 1387 519 1457 regno
532 1361 688 1456 dejectus
705 1374 741 1431 et
756 1359 944 1431 Edoardus
955 1360 991 1428 in
1005 1379 1125 1455 regern
1139 1358 1349 1436 sublimatus
1365 1361 1473 1430 exsti·

407 1491 510 1549 terat.
531 1471 680 1574 ligitque
699 1489 842 1548 tanturn
851 1473 1104 1572 legationibus,
1122 1475 1258 1544 nuntiis
1272 1487 1378 1571 atque
1392 1475 1471 1573 epi·

407 1592 524 1684 stolis,
544 1608 584 1665 ut
602 1592 772 1666 eumdem
792 1591 972 1690 perfidum
987 1589 1197 1664 muneribus
1213 1592 1472 1691 promissisque

406 1709 597 1808 pellectum
619 1709 664 1782 ad
687 1733 724 1781 se
744 1733 858 1806 usque
879 1706 1144 1804 Rotbomagum
1161 1687 1335 1800 traheret,
1354 1709 1471 1781 collo-

409 1807 538 1922 quium
547 1849 630 1898 cum
641 1849 699 1913 eo,
713 1819 861 1897 remotis
871 1821 1073 1921 quibusque
1085 1822 1237 1913 arbitris,
1251 1822 1468 1896 habiturus¹.

456 1947 609 2015 Tantum
638 1956 758 2013 autem
789 1940 938 2013 honoris
964 1941 1241 2038 reverentiaeque
1265 1941 1297 2012 ei
1324 1940 1469 2034 detulit,

409 2074 583 2157 quantum
604 2083 673 2130 nec
692 2057 973 2159 ipsiAnglorum
994 2059 1084 2154 regi,
1106 2057 1173 2128 sibi
1190 2056 1383 2146 foederato,
1405 2054 1473 2128 sibi

408 2177 639 2249 reconciliato
654 2192 690 2249 et
703 2190 830 2276 pacato
846 2175 1105 2248 rationabiliter
1119 2174 1258 2247 deferre
1274 2172 1469 2246 debuisset.

410 2295 499 2364 Nam
527 2307 562 2364 et
594 2316 676 2364 cum
706 2291 946 2378 Harellutum,
975 2291 1074 2387 quod
1111 2291 1219 2362 totius
1251 2291 1352 2386 regni
1377 2289 1475 2376 velut

413 2407 577 2505 quaedam
598 2410 706 2482 clavis
726 2423 798 2502 est,
821 2409 992 2499 venisset,
1013 2408 1129 2480 claves
1152 2406 1277 2507 oppidi
1298 2407 1365 2479 sibi
1382 2432 1475 2506 prae-

411 2525 543 2597 sentari
560 2524 724 2623 tradique
740 2523 839 2615 lecit,
859 2537 894 2595 et
909 2524 1069 2596 similiter
1086 2525 1122 2595 in
1142 2524 1285 2622 oppidis
1301 2539 1336 2595 et
1352 2522 1476 2602 castel·

413 2640 473 2734 lis,
489 2666 720 2738 quocumque
739 2641 928 2714 transitum
947 2639 1094 2733 laceret,
1114 2639 1209 2711 idern
1233 2639 1422 2736 fierijussit
1440 2653 1477 2710 et

412 2756 624 2830 mandavit¹.
651 2761 740 2828 Cum
764 2739 884 2840 autem
905 2752 1071 2826 satellites
1090 2755 1182 2826 circa
1204 2753 1397 2845 ducentos,
1419 2751 1477 2826 vel

412 2871 583 2974 amplius,
603 2898 725 2945 secum
740 2871 946 2944 adduxisset
964 2872 1195 2969 Rothomagi,
1215 2872 1399 2944 mandavit
1414 2896 1477 2944 rex

413 2986 671 3060 mercatoribus
683 3011 902 3086 pannorum,
917 3001 988 3058 tarn
1003 2986 1048 3059 de
1061 2985 1142 3060 lan'a
1154 3011 1262 3086 quam
1282 2986 1327 3059 de
1346 2987 1474 3076 serice,

412 3120 453 3176 ut
465 3103 640 3203 quidquid
653 3101 699 3174 de
711 3103 784 3174 suis
794 3101 947 3174 officinis
958 3105 1086 3200 singuli
1096 3129 1223 3176 eorum
1236 3105 1472 3202 requirerent,

413 3222 463 3292 eis
474 3220 609 3317 absque
623 3219 743 3317 aliqua
756 3219 965 3292 difficultate
980 3219 1185 3309 liberarent,
1200 3223 1355 3320 pretium
1369 3220 1478 3293 abeis

416 3333 518 3435 [non]
529 3349 730 3436 poscentes,
743 3334 842 3440 quod
856 3360 892 3407 se
905 3334 1020 3408 lacere
1030 3336 1166 3407 restitui
1176 3336 1221 3408 de
1230 3338 1380 3436 proprio
1392 3335 1478 3410 fisco

414 3451 547 3524 eisdem
565 3451 824 3524 mercatoribus
842 3451 1084 3552 promittebat.
1105 3453 1209 3525 Unde
1225 3479 1351 3526 omnes
1368 3453 1479 3528 ferme

416 3566 558 3640 comitis
574 3567 735 3664 ejusdem
749 3555 951 3669 stipatores,
967 3570 1029 3667 qui
1043 3593 1126 3639 curn
1140 3567 1253 3642 laneis
1267 3584 1303 3642 et
1316 3594 1480 3644 commu·

441 3831 487 3890 'l.
509 3833 535 3890 Δ
555 3841 630 3890 cette
650 3841 808 3905 entrevue,
830 3826 881 3906 qui
902 3839 952 3887 eut
974 3826 1032 3886 lieu
1051 3825 1091 3886 du
1109 3829 1128 3885 8
1147 3847 1186 3890 au
1205 3830 1244 3888 18
1261 3829 1328 3904 juin
1344 3832 1434 3900 1467,
1453 3830 1479 3890 le

419 3933 513 3982 comte
529 3920 566 3980 de
579 3920 724 3982 Warwiek
742 3938 774 3980 se
783 3919 921 3998 prdsenta
936 3933 1050 3978 comme
1063 3915 1270 3980 ambassadeur
1282 3919 1424 3980 recredita
1440 3919 1481 3978 du

417 4012 462 4071 roi
475 4010 689 4093 d’Angleterre.
710 4014 749 4070 Sa
762 4009 961 4082 nomination,
982 4008 1066 4068 datee
1080 4007 1119 4067 du
1135 4011 1153 4068 6
1169 4011 1225 4070 mai
1241 4016 1332 4086 1467,
1347 4024 1390 4072 est
1400 4011 1480 4072 ,dans

414 4101 535 4179 Rymer,
550 4113 572 4161 t.
588 4104 647 4174 Xl,
662 4119 691 4178 p.
710 4101 779 4158 578.

456 4196 485 4257 2.
510 4193 650 4254 L’auteur
664 4192 759 4252 aurait
779 4213 819 4272 pn
833 4192 946 4266 ajouter
957 4211 1015 4270 que
1029 4191 1057 4251 le
1071 4193 1115 4251 roi
1127 4191 1186 4252 alla
1197 4193 1331 4254 reoevoir
1346 4193 1373 4254 le
1386 4159 1481 4254 comte

416 4285 453 4346 de
466 4283 609 4342 Warwicl
624 4285 641 4340 ὲ
654 4281 733 4341 deux
747 4281 838 4342 lienes
851 4279 920 4340 hors
933 4280 970 4342 de
984 4285 1098 4342 Rouen.
1114 4282 1222 4344 cnon.
1239 4282 1337 4342 scand.
