<?xml version="1.0" encoding="UTF-8"?>
<!DOCTYPE html PUBLIC "-//W3C//DTD XHTML 1.0 Transitional//EN"
    "http://www.w3.org/TR/xhtml1/DTD/xhtml1-transitional.dtd">
<html xmlns="http://www.w3.org/1999/xhtml" xml:lang="en" lang="en">
 <head>
  <title>
</title>
<meta http-equiv="Content-Type" content="text/html;charset=utf-8" />
  <meta name='ocr-system' content='tesseract 3.04.00' />
  <meta name='ocr-capabilities' content='ocr_page ocr_carea ocr_par ocr_line ocrx_word'/>
</head>
<body>
  <div class='ocr_page' id='page_1' title='image "./histoiredesrgne02amelgoog_0501.png"; bbox 0 0 3282 5168; ppageno 0'>
   <div class='ocr_carea' id='block_1_1' title="bbox 349 557 1133 634">
    <p class='ocr_par' dir='ltr' id='par_1_1' title="bbox 349 557 1133 634">
     <span class='ocr_line' id='line_1_1' title="bbox 349 557 1133 634; baseline -0.006 -1"><span class='ocrx_word' id='word_1_1' title='bbox 349 577 406 634; x_wconf 78' lang='lat' dir='ltr'><strong>eso</strong></span> <span class='ocrx_word' id='word_1_2' title='bbox 619 557 873 630; x_wconf 82' lang='lat' dir='ltr'><strong>msromm&#39;un</strong></span> <span class='ocrx_word' id='word_1_3' title='bbox 893 571 1071 629; x_wconf 86' lang='lat' dir='ltr'><strong>mnovmr</strong></span> <span class='ocrx_word' id='word_1_4' title='bbox 1090 571 1133 628; x_wconf 84' lang='lat' dir='ltr'><strong>xr</strong></span> 
     </span>
    </p>
   </div>
   <div class='ocr_carea' id='block_1_2' title="bbox 348 700 1409 2190">
    <p class='ocr_par' dir='ltr' id='par_1_2' title="bbox 348 700 1409 2190">
     <span class='ocr_line' id='line_1_2' title="bbox 349 700 1405 800; baseline 0 -24"><span class='ocrx_word' id='word_1_5' title='bbox 349 718 510 777; x_wconf 90' lang='lat' dir='ltr'><strong>mentum</strong></span> <span class='ocrx_word' id='word_1_6' title='bbox 521 717 719 776; x_wconf 89' lang='lat' dir='ltr'><strong>castrorum</strong></span> <span class='ocrx_word' id='word_1_7' title='bbox 730 700 966 800; x_wconf 89' lang='lat' dir='ltr'><strong>imperialium</strong></span> <span class='ocrx_word' id='word_1_8' title='bbox 974 703 1194 800; x_wconf 86' lang='lat' dir='ltr'><strong>completum</strong></span> <span class='ocrx_word' id='word_1_9' title='bbox 1205 705 1405 795; x_wconf 88' lang='lat' dir='ltr'><strong>esset,dum</strong></span> 
     </span>
     <span class='ocr_line' id='line_1_3' title="bbox 348 816 1407 920; baseline -0.001 -29"><span class='ocrx_word' id='word_1_10' title='bbox 348 819 442 893; x_wconf 82' lang='lat' dir='ltr'><strong>adid</strong></span> <span class='ocrx_word' id='word_1_11' title='bbox 454 844 547 920; x_wconf 85' lang='lat' dir='ltr'><strong>opus</strong></span> <span class='ocrx_word' id='word_1_12' title='bbox 561 816 820 918; x_wconf 84' lang='lat' dir='ltr'><strong>perficiendum</strong></span> <span class='ocrx_word' id='word_1_13' title='bbox 836 823 983 915; x_wconf 82' lang='lat' dir='ltr'><strong>seseque</strong></span> <span class='ocrx_word' id='word_1_14' title='bbox 997 816 1090 890; x_wconf 81' lang='lat' dir='ltr'><strong>fossa</strong></span> <span class='ocrx_word' id='word_1_15' title='bbox 1102 833 1137 890; x_wconf 91' lang='lat' dir='ltr'><strong>et</strong></span> <span class='ocrx_word' id='word_1_16' title='bbox 1148 817 1242 891; x_wconf 91' lang='lat' dir='ltr'><strong>vallo</strong></span> <span class='ocrx_word' id='word_1_17' title='bbox 1254 820 1407 916; x_wconf 90' lang='lat' dir='ltr'><strong>cingen-</strong></span> 
     </span>
     <span class='ocr_line' id='line_1_4' title="bbox 349 933 1407 1028; baseline 0 -21"><span class='ocrx_word' id='word_1_18' title='bbox 349 935 489 1019; x_wconf 83' lang='lat' dir='ltr'><strong>dumet</strong></span> <span class='ocrx_word' id='word_1_19' title='bbox 509 933 828 1010; x_wconf 86' lang='lat' dir='ltr'><strong>communiendum</strong></span> <span class='ocrx_word' id='word_1_20' title='bbox 846 934 901 1004; x_wconf 90' lang='lat' dir='ltr'><strong>sui</strong></span> <span class='ocrx_word' id='word_1_21' title='bbox 920 933 1106 1028; x_wconf 80' lang='lat' dir='ltr'><strong>vigilanter</strong></span> <span class='ocrx_word' id='word_1_22' title='bbox 1122 933 1345 1026; x_wconf 81' lang='lat' dir='ltr'><strong>insisterent,</strong></span> <span class='ocrx_word' id='word_1_23' title='bbox 1364 935 1407 1007; x_wconf 88' lang='lat' dir='ltr'><strong>it-</strong></span> 
     </span>
     <span class='ocr_line' id='line_1_5' title="bbox 348 1033 1408 1151; baseline -0.002 -27"><span class='ocrx_word' id='word_1_24' title='bbox 348 1051 417 1124; x_wconf 87' lang='lat' dir='ltr'><strong>lico</strong></span> <span class='ocrx_word' id='word_1_25' title='bbox 439 1055 656 1142; x_wconf 89' lang='lat' dir='ltr'><strong>Germanos,</strong></span> <span class='ocrx_word' id='word_1_26' title='bbox 682 1051 751 1123; x_wconf 90' lang='lat' dir='ltr'><strong>tale</strong></span> <span class='ocrx_word' id='word_1_27' title='bbox 775 1049 863 1147; x_wconf 93' lang='lat' dir='ltr'><strong>quid</strong></span> <span class='ocrx_word' id='word_1_28' title='bbox 889 1033 1036 1120; x_wconf 80' lang='lat' dir='ltr'><strong>minime</strong></span> <span class='ocrx_word' id='word_1_29' title='bbox 1060 1052 1297 1151; x_wconf 89' lang='lat' dir='ltr'><strong>suspicantes,</strong></span> <span class='ocrx_word' id='word_1_30' title='bbox 1323 1075 1408 1122; x_wconf 91' lang='lat' dir='ltr'><strong>curn</strong></span> 
     </span>
     <span class='ocr_line' id='line_1_6' title="bbox 349 1161 1407 1264; baseline -0.004 -24"><span class='ocrx_word' id='word_1_31' title='bbox 349 1167 474 1240; x_wconf 84' lang='lat' dir='ltr'><strong>decem</strong></span> <span class='ocrx_word' id='word_1_32' title='bbox 496 1183 558 1240; x_wconf 87' lang='lat' dir='ltr'><strong>aut</strong></span> <span class='ocrx_word' id='word_1_33' title='bbox 578 1165 770 1240; x_wconf 87' lang='lat' dir='ltr'><strong>duodecim</strong></span> <span class='ocrx_word' id='word_1_34' title='bbox 789 1161 945 1236; x_wconf 87' lang='lat' dir='ltr'><strong>millibus</strong></span> <span class='ocrx_word' id='word_1_35' title='bbox 963 1166 1144 1262; x_wconf 91' lang='lat' dir='ltr'><strong>equitum,</strong></span> <span class='ocrx_word' id='word_1_36' title='bbox 1168 1191 1251 1264; x_wconf 85' lang='lat' dir='ltr'><strong>cum</strong></span> <span class='ocrx_word' id='word_1_37' title='bbox 1272 1166 1407 1262; x_wconf 86' lang='lat' dir='ltr'><strong>ingenti</strong></span> 
     </span>
     <span class='ocr_line' id='line_1_7' title="bbox 349 1281 1407 1384; baseline -0.003 -27"><span class='ocrx_word' id='word_1_38' title='bbox 349 1287 487 1384; x_wconf 78' lang='lat' dir='ltr'><strong>fragore</strong></span> <span class='ocrx_word' id='word_1_39' title='bbox 503 1299 538 1357; x_wconf 90' lang='lat' dir='ltr'><strong>et</strong></span> <span class='ocrx_word' id='word_1_40' title='bbox 553 1283 738 1356; x_wconf 88' lang='lat' dir='ltr'><strong>horrendo</strong></span> <span class='ocrx_word' id='word_1_41' title='bbox 755 1281 890 1379; x_wconf 88' lang='lat' dir='ltr'><strong>crepitu</strong></span> <span class='ocrx_word' id='word_1_42' title='bbox 914 1283 1199 1380; x_wconf 85' lang='lat' dir='ltr'><strong>serpentinamnr</strong></span> <span class='ocrx_word' id='word_1_43' title='bbox 1222 1299 1257 1355; x_wconf 88' lang='lat' dir='ltr'><strong>et</strong></span> <span class='ocrx_word' id='word_1_44' title='bbox 1272 1283 1407 1355; x_wconf 88' lang='lat' dir='ltr'><strong>machi·</strong></span> 
     </span>
     <span class='ocr_line' id='line_1_8' title="bbox 349 1395 1408 1500; baseline -0.005 -25"><span class='ocrx_word' id='word_1_45' title='bbox 349 1427 476 1475; x_wconf 85' lang='lat' dir='ltr'><strong>narum</strong></span> <span class='ocrx_word' id='word_1_46' title='bbox 494 1425 582 1500; x_wconf 84' lang='lat' dir='ltr'><strong>quas</strong></span> <span class='ocrx_word' id='word_1_47' title='bbox 598 1423 719 1472; x_wconf 89' lang='lat' dir='ltr'><strong>secum</strong></span> <span class='ocrx_word' id='word_1_48' title='bbox 738 1395 948 1487; x_wconf 77' lang='lat' dir='ltr'><strong>advexerat,</strong></span> <span class='ocrx_word' id='word_1_49' title='bbox 968 1398 1128 1492; x_wconf 83' lang='lat' dir='ltr'><strong>invasit¹3</strong></span> <span class='ocrx_word' id='word_1_50' title='bbox 1150 1400 1317 1498; x_wconf 85' lang='lat' dir='ltr'><strong>equibus</strong></span> <span class='ocrx_word' id='word_1_51' title='bbox 1331 1414 1408 1472; x_wconf 88' lang='lat' dir='ltr'><strong>stu-</strong></span> 
     </span>
     <span class='ocr_line' id='line_1_9' title="bbox 349 1511 1403 1624; baseline -0.004 -35"><span class='ocrx_word' id='word_1_52' title='bbox 349 1541 437 1616; x_wconf 88' lang='lat' dir='ltr'><strong>pore</strong></span> <span class='ocrx_word' id='word_1_53' title='bbox 461 1517 575 1589; x_wconf 91' lang='lat' dir='ltr'><strong>nimio</strong></span> <span class='ocrx_word' id='word_1_54' title='bbox 596 1513 800 1614; x_wconf 88' lang='lat' dir='ltr'><strong>perterritos</strong></span> <span class='ocrx_word' id='word_1_55' title='bbox 825 1511 997 1611; x_wconf 91' lang='lat' dir='ltr'><strong>plurimos</strong></span> <span class='ocrx_word' id='word_1_56' title='bbox 1020 1513 1150 1586; x_wconf 91' lang='lat' dir='ltr'><strong>occidit</strong></span> <span class='ocrx_word' id='word_1_57' title='bbox 1172 1529 1208 1586; x_wconf 90' lang='lat' dir='ltr'><strong>et</strong></span> <span class='ocrx_word' id='word_1_58' title='bbox 1230 1515 1403 1624; x_wconf 83' lang='lat' dir='ltr'><strong>protrivit.</strong></span> 
     </span>
     <span class='ocr_line' id='line_1_10' title="bbox 349 1629 1403 1730; baseline -0.005 -25"><span class='ocrx_word' id='word_1_59' title='bbox 349 1633 419 1705; x_wconf 90' lang='lat' dir='ltr'><strong>Sed</strong></span> <span class='ocrx_word' id='word_1_60' title='bbox 443 1633 550 1729; x_wconf 92' lang='lat' dir='ltr'><strong>longe</strong></span> <span class='ocrx_word' id='word_1_61' title='bbox 575 1630 694 1730; x_wconf 89' lang='lat' dir='ltr'><strong>plures</strong></span> <span class='ocrx_word' id='word_1_62' title='bbox 714 1630 793 1701; x_wconf 86' lang='lat' dir='ltr'><strong>caesi</strong></span> <span class='ocrx_word' id='word_1_63' title='bbox 812 1629 1060 1726; x_wconf 89' lang='lat' dir='ltr'><strong>peremptique</strong></span> <span class='ocrx_word' id='word_1_64' title='bbox 1076 1654 1119 1700; x_wconf 83' lang='lat' dir='ltr'><strong>ex</strong></span> <span class='ocrx_word' id='word_1_65' title='bbox 1138 1629 1223 1728; x_wconf 92' lang='lat' dir='ltr'><strong>ipsis</strong></span> <span class='ocrx_word' id='word_1_66' title='bbox 1240 1630 1403 1717; x_wconf 86' lang='lat' dir='ltr'><strong>fuissent,</strong></span> 
     </span>
     <span class='ocr_line' id='line_1_11' title="bbox 350 1745 1407 1846; baseline -0.001 -25"><span class='ocrx_word' id='word_1_67' title='bbox 350 1749 418 1822; x_wconf 91' lang='lat' dir='ltr'><strong>nisi</strong></span> <span class='ocrx_word' id='word_1_68' title='bbox 438 1748 529 1821; x_wconf 87' lang='lat' dir='ltr'><strong>forte</strong></span> <span class='ocrx_word' id='word_1_69' title='bbox 551 1759 755 1846; x_wconf 86' lang='lat' dir='ltr'><strong>opportune</strong></span> <span class='ocrx_word' id='word_1_70' title='bbox 787 1745 1042 1842; x_wconf 87' lang='lat' dir='ltr'><strong>superveniens</strong></span> <span class='ocrx_word' id='word_1_71' title='bbox 1063 1747 1251 1845; x_wconf 90' lang='lat' dir='ltr'><strong>episcopus</strong></span> <span class='ocrx_word' id='word_1_72' title='bbox 1267 1750 1407 1820; x_wconf 87' lang='lat' dir='ltr'><strong>Mon&#39;as·</strong></span> 
     </span>
     <span class='ocr_line' id='line_1_12' title="bbox 350 1861 1406 1958; baseline -0.004 -20"><span class='ocrx_word' id='word_1_73' title='bbox 350 1865 510 1938; x_wconf 89' lang='lat' dir='ltr'><strong>teriensis</strong></span> <span class='ocrx_word' id='word_1_74' title='bbox 526 1887 610 1935; x_wconf 83' lang='lat' dir='ltr'><strong>cunr</strong></span> <span class='ocrx_word' id='word_1_75' title='bbox 635 1874 789 1958; x_wconf 89' lang='lat' dir='ltr'><strong>quatuor</strong></span> <span class='ocrx_word' id='word_1_76' title='bbox 811 1874 873 1930; x_wconf 89' lang='lat' dir='ltr'><strong>aut</strong></span> <span class='ocrx_word' id='word_1_77' title='bbox 898 1861 1059 1958; x_wconf 88' lang='lat' dir='ltr'><strong>quinque</strong></span> <span class='ocrx_word' id='word_1_78' title='bbox 1077 1861 1406 1936; x_wconf 85' lang='lat' dir='ltr'><strong>millibussuorum</strong></span> 
     </span>
     <span class='ocr_line' id='line_1_13' title="bbox 350 1976 1407 2077; baseline -0.002 -24"><span class='ocrx_word' id='word_1_79' title='bbox 350 1980 632 2065; x_wconf 58' lang='lat' dir='ltr'><strong>westfalorum,</strong></span> <span class='ocrx_word' id='word_1_80' title='bbox 652 1991 727 2048; x_wconf 89' lang='lat' dir='ltr'><strong>turn</strong></span> <span class='ocrx_word' id='word_1_81' title='bbox 749 1976 931 2072; x_wconf 91' lang='lat' dir='ltr'><strong>equitum,</strong></span> <span class='ocrx_word' id='word_1_82' title='bbox 952 1988 1027 2048; x_wconf 90' lang='lat' dir='ltr'><strong>tum</strong></span> <span class='ocrx_word' id='word_1_83' title='bbox 1048 1977 1211 2076; x_wconf 89' lang='lat' dir='ltr'><strong>peditum</strong></span> <span class='ocrx_word' id='word_1_84' title='bbox 1225 1979 1407 2077; x_wconf 82' lang='lat' dir='ltr'><strong>expedito·</strong></span> 
     </span>
     <span class='ocr_line' id='line_1_14' title="bbox 350 2089 1409 2190; baseline -0.003 -22"><span class='ocrx_word' id='word_1_85' title='bbox 350 2120 454 2186; x_wconf 88' lang='lat' dir='ltr'><strong>rum,</strong></span> <span class='ocrx_word' id='word_1_86' title='bbox 471 2091 676 2168; x_wconf 87' lang='lat' dir='ltr'><strong>incendium</strong></span> <span class='ocrx_word' id='word_1_87' title='bbox 700 2089 789 2182; x_wconf 87' lang='lat' dir='ltr'><strong>tale,</strong></span> <span class='ocrx_word' id='word_1_88' title='bbox 812 2111 858 2161; x_wconf 93' lang='lat' dir='ltr'><strong>ne</strong></span> <span class='ocrx_word' id='word_1_89' title='bbox 876 2090 1015 2186; x_wconf 88' lang='lat' dir='ltr'><strong>longius</strong></span> <span class='ocrx_word' id='word_1_90' title='bbox 1032 2109 1252 2190; x_wconf 84' lang='lat' dir='ltr'><strong>evagaretur,</strong></span> <span class='ocrx_word' id='word_1_91' title='bbox 1268 2095 1409 2166; x_wconf 79' lang='lat' dir='ltr'><strong>restrin-</strong></span> 
     </span>
    </p>
   </div>
   <div class='ocr_carea' id='block_1_3' title="bbox 231 2195 1407 2303">
    <p class='ocr_par' dir='ltr' id='par_1_3' title="bbox 231 2195 1407 2303">
     <span class='ocr_line' id='line_1_15' title="bbox 231 2195 1407 2303; baseline -0.002 -19"><span class='ocrx_word' id='word_1_92' title='bbox 231 2233 234 2240; x_wconf 90' lang='grc'><strong><em>·</em></strong></span> <span class='ocrx_word' id='word_1_93' title='bbox 352 2211 473 2302; x_wconf 77' lang='lat' dir='ltr'><strong>risset,</strong></span> <span class='ocrx_word' id='word_1_94' title='bbox 490 2207 693 2303; x_wconf 88' lang='lat' dir='ltr'><strong>coeterisque</strong></span> <span class='ocrx_word' id='word_1_95' title='bbox 713 2219 753 2278; x_wconf 91' lang='lat' dir='ltr'><strong>ut</strong></span> <span class='ocrx_word' id='word_1_96' title='bbox 769 2205 878 2278; x_wconf 88' lang='lat' dir='ltr'><strong>armis</strong></span> <span class='ocrx_word' id='word_1_97' title='bbox 900 2230 976 2279; x_wconf 87' lang='lat' dir='ltr'><strong>sese</strong></span> <span class='ocrx_word' id='word_1_98' title='bbox 995 2206 1225 2298; x_wconf 89' lang='lat' dir='ltr'><strong>instruerent,</strong></span> <span class='ocrx_word' id='word_1_99' title='bbox 1245 2195 1407 2282; x_wconf 89' lang='lat' dir='ltr'><strong>hostibus</strong></span> 
     </span>
    </p>
   </div>
   <div class='ocr_carea' id='block_1_4' title="bbox 282 2320 1412 4054">
    <p class='ocr_par' dir='ltr' id='par_1_4' title="bbox 352 2320 1016 2426">
     <span class='ocr_line' id='line_1_16' title="bbox 352 2320 1016 2426; baseline -0.006 -28"><span class='ocrx_word' id='word_1_100' title='bbox 352 2351 390 2399; x_wconf 89' lang='lat' dir='ltr'><strong>se</strong></span> <span class='ocrx_word' id='word_1_101' title='bbox 406 2323 645 2426; x_wconf 89' lang='lat' dir='ltr'><strong>opponendo,</strong></span> <span class='ocrx_word' id='word_1_102' title='bbox 666 2322 820 2421; x_wconf 87' lang='lat' dir='ltr'><strong>spatium</strong></span> <span class='ocrx_word' id='word_1_103' title='bbox 834 2320 1016 2394; x_wconf 83' lang='lat' dir='ltr'><strong>effecisset.</strong></span> 
     </span>
    </p>

    <p class='ocr_par' dir='ltr' id='par_1_5' title="bbox 282 2438 1412 4054">
     <span class='ocr_line' id='line_1_17' title="bbox 399 2438 1409 2542; baseline 0 -28"><span class='ocrx_word' id='word_1_104' title='bbox 399 2445 481 2530; x_wconf 85' lang='lat' dir='ltr'><strong>Qua</strong></span> <span class='ocrx_word' id='word_1_105' title='bbox 498 2438 796 2536; x_wconf 89' lang='lat' dir='ltr'><strong>Burgundionum</strong></span> <span class='ocrx_word' id='word_1_106' title='bbox 818 2438 966 2511; x_wconf 83' lang='lat' dir='ltr'><strong>audacia</strong></span> <span class='ocrx_word' id='word_1_107' title='bbox 984 2439 1141 2513; x_wconf 91' lang='lat' dir='ltr'><strong>deterriti</strong></span> <span class='ocrx_word' id='word_1_108' title='bbox 1161 2441 1354 2542; x_wconf 83' lang='lat' dir='ltr'><strong>imperator</strong></span> <span class='ocrx_word' id='word_1_109' title='bbox 1374 2458 1409 2516; x_wconf 89' lang='lat' dir='ltr'><strong>et</strong></span> 
     </span>
     <span class='ocr_line' id='line_1_18' title="bbox 352 2555 1410 2661; baseline 0 -29"><span class='ocrx_word' id='word_1_110' title='bbox 352 2559 530 2661; x_wconf 87' lang='lat' dir='ltr'><strong>principes</strong></span> <span class='ocrx_word' id='word_1_111' title='bbox 544 2557 616 2649; x_wconf 92' lang='lat' dir='ltr'><strong>sui,</strong></span> <span class='ocrx_word' id='word_1_112' title='bbox 636 2581 719 2628; x_wconf 90' lang='lat' dir='ltr'><strong>cum</strong></span> <span class='ocrx_word' id='word_1_113' title='bbox 733 2569 881 2655; x_wconf 85' lang='lat' dir='ltr'><strong>perante</strong></span> <span class='ocrx_word' id='word_1_114' title='bbox 894 2555 939 2627; x_wconf 94' lang='lat' dir='ltr'><strong>de</strong></span> <span class='ocrx_word' id='word_1_115' title='bbox 955 2580 1043 2655; x_wconf 90' lang='lat' dir='ltr'><strong>pace</strong></span> <span class='ocrx_word' id='word_1_116' title='bbox 1061 2559 1314 2657; x_wconf 88' lang='lat' dir='ltr'><strong>componenda</strong></span> <span class='ocrx_word' id='word_1_117' title='bbox 1333 2585 1410 2632; x_wconf 89' lang='lat' dir='ltr'><strong>ver·</strong></span> 
     </span>
     <span class='ocr_line' id='line_1_19' title="bbox 352 2671 1409 2766; baseline -0.003 -17"><span class='ocrx_word' id='word_1_118' title='bbox 352 2677 441 2750; x_wconf 91' lang='lat' dir='ltr'><strong>bum</strong></span> <span class='ocrx_word' id='word_1_119' title='bbox 452 2673 576 2748; x_wconf 84' lang='lat' dir='ltr'><strong>audire</strong></span> <span class='ocrx_word' id='word_1_120' title='bbox 591 2671 794 2744; x_wconf 88' lang='lat' dir='ltr'><strong>nullatenus</strong></span> <span class='ocrx_word' id='word_1_121' title='bbox 809 2671 1042 2766; x_wconf 86' lang='lat' dir='ltr'><strong>sustinerent,</strong></span> <span class='ocrx_word' id='word_1_122' title='bbox 1059 2671 1197 2745; x_wconf 87' lang='lat' dir='ltr'><strong>adeam</strong></span> <span class='ocrx_word' id='word_1_123' title='bbox 1210 2675 1409 2746; x_wconf 85' lang='lat' dir='ltr'><strong>non&#39;modo</strong></span> 
     </span>
     <span class='ocr_line' id='line_1_20' title="bbox 353 2786 1411 2893; baseline -0.003 -28"><span class='ocrx_word' id='word_1_124' title='bbox 353 2789 617 2893; x_wconf 89' lang='lat' dir='ltr'><strong>requirentibus</strong></span> <span class='ocrx_word' id='word_1_125' title='bbox 646 2787 821 2872; x_wconf 88' lang='lat' dir='ltr'><strong>dandam,</strong></span> <span class='ocrx_word' id='word_1_126' title='bbox 844 2787 907 2860; x_wconf 88' lang='lat' dir='ltr'><strong>sed</strong></span> <span class='ocrx_word' id='word_1_127' title='bbox 928 2786 973 2858; x_wconf 91' lang='lat' dir='ltr'><strong>ad</strong></span> <span class='ocrx_word' id='word_1_128' title='bbox 994 2787 1089 2860; x_wconf 92' lang='lat' dir='ltr'><strong>ultro</strong></span> <span class='ocrx_word' id='word_1_129' title='bbox 1111 2789 1303 2888; x_wconf 88' lang='lat' dir='ltr'><strong>petendam</strong></span> <span class='ocrx_word' id='word_1_130' title='bbox 1329 2805 1411 2863; x_wconf 89' lang='lat' dir='ltr'><strong>sunt</strong></span> 
     </span>
     <span class='ocr_line' id='line_1_21' title="bbox 353 2902 1410 3001; baseline -0.003 -21"><span class='ocrx_word' id='word_1_131' title='bbox 353 2907 487 2980; x_wconf 83' lang='lat' dir='ltr'><strong>inflexi.</strong></span> <span class='ocrx_word' id='word_1_132' title='bbox 500 2906 617 2978; x_wconf 86' lang='lat' dir='ltr'><strong>Rediit</strong></span> <span class='ocrx_word' id='word_1_133' title='bbox 632 2905 750 3001; x_wconf 85' lang='lat' dir='ltr'><strong>itaque</strong></span> <span class='ocrx_word' id='word_1_134' title='bbox 768 2902 1065 2999; x_wconf 88' lang='lat' dir='ltr'><strong>Burgundionum</strong></span> <span class='ocrx_word' id='word_1_135' title='bbox 1076 2902 1148 2976; x_wconf 81' lang='lat' dir='ltr'><strong>dux</strong></span> <span class='ocrx_word' id='word_1_136' title='bbox 1160 2905 1351 2978; x_wconf 87' lang='lat' dir='ltr'><strong>incolumis</strong></span> <span class='ocrx_word' id='word_1_137' title='bbox 1364 2903 1410 2978; x_wconf 92' lang='lat' dir='ltr'><strong>ad</strong></span> 
     </span>
     <span class='ocr_line' id='line_1_22' title="bbox 354 3022 1412 3125; baseline 0.002 -26"><span class='ocrx_word' id='word_1_138' title='bbox 354 3051 419 3099; x_wconf 86' lang='lat' dir='ltr'><strong>sua</strong></span> <span class='ocrx_word' id='word_1_139' title='bbox 441 3040 557 3098; x_wconf 88' lang='lat' dir='ltr'><strong>castra</strong></span> <span class='ocrx_word' id='word_1_140' title='bbox 573 3022 764 3109; x_wconf 88' lang='lat' dir='ltr'><strong>Nussiana,</strong></span> <span class='ocrx_word' id='word_1_141' title='bbox 786 3045 864 3119; x_wconf 86' lang='lat' dir='ltr'><strong>quae</strong></span> <span class='ocrx_word' id='word_1_142' title='bbox 880 3034 999 3094; x_wconf 91' lang='lat' dir='ltr'><strong>tamen</strong></span> <span class='ocrx_word' id='word_1_143' title='bbox 1018 3025 1186 3096; x_wconf 82' lang='lat' dir='ltr'><strong>nonsine</strong></span> <span class='ocrx_word' id='word_1_144' title='bbox 1203 3023 1303 3097; x_wconf 93' lang='lat' dir='ltr'><strong>bono</strong></span> <span class='ocrx_word' id='word_1_145' title='bbox 1323 3049 1412 3125; x_wconf 82' lang='lat' dir='ltr'><strong>prae-</strong></span> 
     </span>
     <span class='ocr_line' id='line_1_23' title="bbox 282 3135 1411 3237; baseline -0.001 -23"><span class='ocrx_word' id='word_1_146' title='bbox 282 3161 287 3188; x_wconf 80' lang='lat'><strong>¹</strong></span> <span class='ocrx_word' id='word_1_147' title='bbox 353 3141 446 3214; x_wconf 89' lang='lat' dir='ltr'><strong>sidio</strong></span> <span class='ocrx_word' id='word_1_148' title='bbox 468 3140 674 3237; x_wconf 88' lang='lat' dir='ltr'><strong>reliquerat,</strong></span> <span class='ocrx_word' id='word_1_149' title='bbox 700 3138 822 3235; x_wconf 86' lang='lat' dir='ltr'><strong>paucis</strong></span> <span class='ocrx_word' id='word_1_150' title='bbox 844 3161 887 3207; x_wconf 86' lang='lat' dir='ltr'><strong>ex</strong></span> <span class='ocrx_word' id='word_1_151' title='bbox 910 3138 982 3208; x_wconf 90' lang='lat' dir='ltr'><strong>suis</strong></span> <span class='ocrx_word' id='word_1_152' title='bbox 1001 3135 1224 3234; x_wconf 88' lang='lat' dir='ltr'><strong>desideratis;</strong></span> <span class='ocrx_word' id='word_1_153' title='bbox 1249 3139 1311 3212; x_wconf 91' lang='lat' dir='ltr'><strong>sed</strong></span> <span class='ocrx_word' id='word_1_154' title='bbox 1329 3142 1411 3237; x_wconf 87' lang='lat' dir='ltr'><strong>quia</strong></span> 
     </span>
     <span class='ocr_line' id='line_1_24' title="bbox 354 3252 1411 3356; baseline -0.004 -25"><span class='ocrx_word' id='word_1_155' title='bbox 354 3283 427 3332; x_wconf 84' lang='lat' dir='ltr'><strong>nox</strong></span> <span class='ocrx_word' id='word_1_156' title='bbox 443 3259 561 3356; x_wconf 90' lang='lat' dir='ltr'><strong>ipsum</strong></span> <span class='ocrx_word' id='word_1_157' title='bbox 580 3254 708 3327; x_wconf 89' lang='lat' dir='ltr'><strong>ducem</strong></span> <span class='ocrx_word' id='word_1_158' title='bbox 725 3252 880 3323; x_wconf 88' lang='lat' dir='ltr'><strong>reditum</strong></span> <span class='ocrx_word' id='word_1_159' title='bbox 896 3265 1074 3326; x_wconf 81' lang='lat' dir='ltr'><strong>maturare</strong></span> <span class='ocrx_word' id='word_1_160' title='bbox 1093 3255 1326 3355; x_wconf 84' lang='lat' dir='ltr'><strong>pcmrgebat,</strong></span> <span class='ocrx_word' id='word_1_161' title='bbox 1349 3256 1411 3330; x_wconf 85' lang='lat' dir='ltr'><strong>ali-</strong></span> 
     </span>
     <span class='ocr_line' id='line_1_25' title="bbox 355 3367 1411 3472; baseline -0.002 -28"><span class='ocrx_word' id='word_1_162' title='bbox 355 3397 445 3472; x_wconf 87' lang='lat' dir='ltr'><strong>quas</strong></span> <span class='ocrx_word' id='word_1_163' title='bbox 472 3373 517 3443; x_wconf 91' lang='lat' dir='ltr'><strong>de</strong></span> <span class='ocrx_word' id='word_1_164' title='bbox 540 3370 615 3459; x_wconf 93' lang='lat' dir='ltr'><strong>his,</strong></span> <span class='ocrx_word' id='word_1_165' title='bbox 640 3392 729 3466; x_wconf 85' lang='lat' dir='ltr'><strong>quas</strong></span> <span class='ocrx_word' id='word_1_166' title='bbox 749 3392 870 3439; x_wconf 88' lang='lat' dir='ltr'><strong>secum</strong></span> <span class='ocrx_word' id='word_1_167' title='bbox 886 3367 1101 3466; x_wconf 88' lang='lat' dir='ltr'><strong>adduxerat,</strong></span> <span class='ocrx_word' id='word_1_168' title='bbox 1119 3371 1340 3471; x_wconf 90' lang='lat' dir='ltr'><strong>serpentinas</strong></span> <span class='ocrx_word' id='word_1_169' title='bbox 1356 3373 1411 3445; x_wconf 91' lang='lat' dir='ltr'><strong>di·</strong></span> 
     </span>
     <span class='ocr_line' id='line_1_26' title="bbox 354 3484 1410 3584; baseline -0.003 -21"><span class='ocrx_word' id='word_1_170' title='bbox 354 3487 489 3564; x_wconf 87' lang='lat' dir='ltr'><strong>misisse</strong></span> <span class='ocrx_word' id='word_1_171' title='bbox 505 3485 696 3559; x_wconf 85' lang='lat' dir='ltr'><strong>serebatur.</strong></span> <span class='ocrx_word' id='word_1_172' title='bbox 712 3487 753 3556; x_wconf 82' lang='lat' dir='ltr'><strong>Et</strong></span> <span class='ocrx_word' id='word_1_173' title='bbox 768 3484 933 3557; x_wconf 90' lang='lat' dir='ltr'><strong>nonnulli</strong></span> <span class='ocrx_word' id='word_1_174' title='bbox 944 3487 1117 3583; x_wconf 87' lang='lat' dir='ltr'><strong>majorem</strong></span> <span class='ocrx_word' id='word_1_175' title='bbox 1131 3489 1246 3560; x_wconf 87' lang='lat' dir='ltr'><strong>multo</strong></span> <span class='ocrx_word' id='word_1_176' title='bbox 1260 3503 1410 3584; x_wconf 86' lang='lat' dir='ltr'><strong>stragem</strong></span> 
     </span>
     <span class='ocr_line' id='line_1_27' title="bbox 354 3600 1411 3704; baseline -0.002 -26"><span class='ocrx_word' id='word_1_177' title='bbox 354 3605 512 3678; x_wconf 91' lang='lat' dir='ltr'><strong>bostium</strong></span> <span class='ocrx_word' id='word_1_178' title='bbox 537 3627 621 3675; x_wconf 90' lang='lat' dir='ltr'><strong>eum</strong></span> <span class='ocrx_word' id='word_1_179' title='bbox 647 3601 823 3674; x_wconf 80' lang='lat' dir='ltr'><strong>iacturum</strong></span> <span class='ocrx_word' id='word_1_180' title='bbox 848 3600 974 3696; x_wconf 83' lang='lat' dir='ltr'><strong>fuisse,</strong></span> <span class='ocrx_word' id='word_1_181' title='bbox 1006 3603 1132 3676; x_wconf 88' lang='lat' dir='ltr'><strong>sinon</strong></span> <span class='ocrx_word' id='word_1_182' title='bbox 1164 3603 1311 3676; x_wconf 90' lang='lat' dir='ltr'><strong>videndi</strong></span> <span class='ocrx_word' id='word_1_183' title='bbox 1338 3629 1411 3704; x_wconf 92' lang='lat' dir='ltr'><strong>quo</strong></span> 
     </span>
     <span class='ocr_line' id='line_1_28' title="bbox 355 3715 1411 3820; baseline -0.004 -24"><span class='ocrx_word' id='word_1_184' title='bbox 355 3721 436 3808; x_wconf 85' lang='lat' dir='ltr'><strong>loco</strong></span> <span class='ocrx_word' id='word_1_185' title='bbox 456 3719 695 3820; x_wconf 90' lang='lat' dir='ltr'><strong>opportunius</strong></span> <span class='ocrx_word' id='word_1_186' title='bbox 709 3717 920 3791; x_wconf 88' lang='lat' dir='ltr'><strong>irruendum</strong></span> <span class='ocrx_word' id='word_1_187' title='bbox 947 3715 983 3790; x_wconf 93' lang='lat' dir='ltr'><strong>in</strong></span> <span class='ocrx_word' id='word_1_188' title='bbox 1002 3717 1139 3810; x_wconf 89' lang='lat' dir='ltr'><strong>hostes,</strong></span> <span class='ocrx_word' id='word_1_189' title='bbox 1159 3719 1221 3817; x_wconf 92' lang='lat' dir='ltr'><strong>qui</strong></span> <span class='ocrx_word' id='word_1_190' title='bbox 1237 3719 1344 3818; x_wconf 87' lang='lat' dir='ltr'><strong>longe</strong></span> <span class='ocrx_word' id='word_1_191' title='bbox 1360 3720 1411 3792; x_wconf 86' lang='lat' dir='ltr'><strong>ia-</strong></span> 
     </span>
     <span class='ocr_line' id='line_1_29' title="bbox 356 3831 1412 3937; baseline -0.006 -25"><span class='ocrx_word' id='word_1_192' title='bbox 356 3853 461 3937; x_wconf 88' lang='lat' dir='ltr'><strong>teque</strong></span> <span class='ocrx_word' id='word_1_193' title='bbox 481 3834 631 3935; x_wconf 89' lang='lat' dir='ltr'><strong>dispersi</strong></span> <span class='ocrx_word' id='word_1_194' title='bbox 647 3848 771 3925; x_wconf 84' lang='lat' dir='ltr'><strong>crant,</strong></span> <span class='ocrx_word' id='word_1_195' title='bbox 791 3856 904 3931; x_wconf 88' lang='lat' dir='ltr'><strong>vapor</strong></span> <span class='ocrx_word' id='word_1_196' title='bbox 920 3845 955 3904; x_wconf 91' lang='lat' dir='ltr'><strong>et</strong></span> <span class='ocrx_word' id='word_1_197' title='bbox 971 3832 1090 3906; x_wconf 88' lang='lat' dir='ltr'><strong>sumus</strong></span> <span class='ocrx_word' id='word_1_198' title='bbox 1113 3857 1259 3908; x_wconf 78' lang='lat' dir='ltr'><strong>suerum</strong></span> <span class='ocrx_word' id='word_1_199' title='bbox 1280 3831 1412 3908; x_wconf 87' lang='lat' dir='ltr'><strong>machi·</strong></span> 
     </span>
     <span class='ocr_line' id='line_1_30' title="bbox 355 3950 1411 4054; baseline -0.007 -22"><span class='ocrx_word' id='word_1_200' title='bbox 355 3981 503 4052; x_wconf 81' lang='lat' dir='ltr'><strong>narum,</strong></span> <span class='ocrx_word' id='word_1_201' title='bbox 521 3977 610 4054; x_wconf 85' lang='lat' dir='ltr'><strong>quus</strong></span> <span class='ocrx_word' id='word_1_202' title='bbox 625 3977 698 4054; x_wconf 86' lang='lat' dir='ltr'><strong>prae</strong></span> <span class='ocrx_word' id='word_1_203' title='bbox 711 3977 749 4026; x_wconf 87' lang='lat' dir='ltr'><strong>se</strong></span> <span class='ocrx_word' id='word_1_204' title='bbox 762 3953 801 4024; x_wconf 95' lang='lat' dir='ltr'><strong>in</strong></span> <span class='ocrx_word' id='word_1_205' title='bbox 817 3951 935 4026; x_wconf 88' lang='lat' dir='ltr'><strong>sronte</strong></span> <span class='ocrx_word' id='word_1_206' title='bbox 949 3950 1077 4024; x_wconf 89' lang='lat' dir='ltr'><strong>devehi</strong></span> <span class='ocrx_word' id='word_1_207' title='bbox 1094 3952 1244 4046; x_wconf 84' lang='lat' dir='ltr'><strong>iecerat,</strong></span> <span class='ocrx_word' id='word_1_208' title='bbox 1264 3953 1411 4028; x_wconf 79' lang='lat' dir='ltr'><strong>faculta-</strong></span> 
     </span>
    </p>
   </div>
   <div class='ocr_carea' id='block_1_5' title="bbox 396 4216 1175 4380">
    <p class='ocr_par' dir='ltr' id='par_1_6' title="bbox 396 4216 1175 4380">
     <span class='ocr_line' id='line_1_31' title="bbox 400 4216 1175 4298; baseline -0.005 -13"><span class='ocrx_word' id='word_1_209' title='bbox 400 4231 428 4288; x_wconf 88' lang='lat' dir='ltr'><strong>t.</strong></span> <span class='ocrx_word' id='word_1_210' title='bbox 450 4230 528 4284; x_wconf 85' lang='lat' dir='ltr'><strong>Dans</strong></span> <span class='ocrx_word' id='word_1_211' title='bbox 542 4225 571 4283; x_wconf 81' lang='lat' dir='ltr'><strong>iu</strong></span> <span class='ocrx_word' id='word_1_212' title='bbox 585 4222 677 4282; x_wconf 71' lang='lat' dir='ltr'><strong>valdee</strong></span> <span class='ocrx_word' id='word_1_213' title='bbox 692 4218 728 4279; x_wconf 89' lang='lat' dir='ltr'><strong>de</strong></span> <span class='ocrx_word' id='word_1_214' title='bbox 742 4219 834 4298; x_wconf 85' lang='lat' dir='ltr'><strong>l&#39;Erp,</strong></span> <span class='ocrx_word' id='word_1_215' title='bbox 849 4220 915 4297; x_wconf 74' lang='lat' dir='ltr'><strong>pres</strong></span> <span class='ocrx_word' id='word_1_216' title='bbox 930 4217 966 4278; x_wconf 90' lang='lat' dir='ltr'><strong>de</strong></span> <span class='ocrx_word' id='word_1_217' title='bbox 981 4216 1175 4281; x_wconf 86' lang='lat' dir='ltr'><strong>Gnadentbnl.</strong></span> 
     </span>
     <span class='ocr_line' id='line_1_32' title="bbox 396 4313 893 4380; baseline -0.02 0"><span class='ocrx_word' id='word_1_218' title='bbox 396 4322 426 4380; x_wconf 74' lang='lat'><strong>2.</strong></span> <span class='ocrx_word' id='word_1_219' title='bbox 449 4321 662 4378; x_wconf 79' lang='lat' dir='ltr'><strong>Wrrtmllorum</strong></span> <span class='ocrx_word' id='word_1_220' title='bbox 678 4314 749 4374; x_wconf 84' lang='lat' dir='ltr'><strong>dans</strong></span> <span class='ocrx_word' id='word_1_221' title='bbox 761 4313 789 4372; x_wconf 86' lang='lat' dir='ltr'><strong>ie</strong></span> <span class='ocrx_word' id='word_1_222' title='bbox 800 4331 852 4372; x_wconf 79' lang='lat' dir='ltr'><strong>ms.</strong></span> <span class='ocrx_word' id='word_1_223' title='bbox 888 4368 893 4379; x_wconf 91' lang='grc'><em>,</em></span> 
     </span>
    </p>
   </div>
   <div class='ocr_carea' id='block_1_6' title="bbox 0 0 1656 5168">
    <p class='ocr_par' dir='ltr' id='par_1_7' title="bbox 0 0 1656 5168">
     <span class='ocr_line' id='line_1_33' title="bbox 0 0 1656 5168; baseline 0 0"><span class='ocrx_word' id='word_1_224' title='bbox 0 0 1656 5168; x_wconf 95' lang='lat' dir='ltr'><strong> </strong></span> 
     </span>
    </p>
   </div>
  </div>
 </body>
</html>
