3384 5184
601 519 711 576 LIBER
730 519 932 578 SECUNDUS.
968 602 972 614 ι
1237 525 1289 582 tot

238 667 274 724 et
292 652 441 726 moveri.
468 655 636 724 Poterant
649 649 756 724 etiam
777 652 854 750 ipse
871 650 943 724 dux
962 651 1148 726 Britannia
1164 669 1200 725 et
1216 656 1291 748 sui,

237 770 300 866 qui
314 769 460 865 majoris
473 768 585 867 partis
605 768 741 840 arcium
760 783 795 840 et
810 768 996 840 civitatum
1018 783 1125 866 atque
1144 769 1297 868 oppido·

238 909 319 957 rum
335 884 574 976 Normauniae,
594 884 741 955 nomine
758 883 872 971 ducis,
893 879 1200 980 quemadmodum
1212 885 1298 958 dixi·

238 1027 331 1096 mus,
340 1002 540 1075 custodiam
555 1017 590 1074 et
598 1001 765 1074 saisinam
773 1019 1012 1101 susceperant,
1023 1005 1296 1078 interveniendo

237 1123 337 1196 ducis
354 1123 588 1221 possessioni¹
610 1137 644 1194 et
658 1145 738 1196 eam
760 1121 807 1194 ad
827 1125 961 1218 regiam
985 1149 1132 1198 manum
1149 1126 1296 1200 transle-

236 1239 368 1332 rendo,
396 1239 563 1310 facillime
579 1240 696 1337 ipsum
712 1239 845 1337 (prout
865 1239 1098 1339 perfidissimo
1115 1241 1299 1339 lecerunt)

235 1379 297 1427 sua
311 1356 535 1453 possessione
549 1355 759 1452 perturbare
776 1370 811 1428 et
826 1355 992 1455 spoliare.

283 1468 353 1542 Sed
371 1471 534 1566 quamvis
554 1471 591 1541 in
620 1469 844 1554 dintavilla,
871 1495 978 1568 super
1004 1471 1296 1544 reconciliatione

234 1585 343 1682 ipsius
355 1584 456 1656 ducis
473 1584 661 1654 Britanniae
680 1583 781 1654 multi
799 1607 986 1656 sermones
1005 1584 1119 1656 habiti
1140 1583 1293 1675 fuerint,

234 1699 410 1796 fueritque
427 1723 449 1770 a
465 1699 604 1770 civibus
620 1713 656 1770 et
672 1698 903 1796 primioribus
914 1700 1036 1798 patriae
1053 1697 1184 1770 obnixe
1198 1723 1298 1797 roga·

233 1827 290 1886 tus
306 1813 483 1910 valdeque
504 1815 655 1886 comiter
679 1814 848 1886 inritatus
867 1828 907 1886 ut
922 1814 1050 1886 urbem
1067 1813 1206 1910 ingredi
1223 1816 1295 1887 vel-

233 1928 301 2020 let,
321 1953 387 2000 neo
405 1943 477 2000 tam
493 1928 619 2003 leviter
629 1943 664 2001 et
683 1956 750 2028 pro
773 1929 872 2002 nulla
889 1953 1012 2022 causa,
1031 1955 1109 2027 quae
1123 1929 1296 2002 hactenus

232 2044 459 2142 impertiisset
492 2044 664 2142 obsequia
692 2070 758 2120 sua
782 2045 1017 2132 illustrissimo
1048 2044 1157 2136 duci,
1191 2045 1297 2123 vellet

232 2161 431 2250 omittere¹,
453 2174 508 2253 et,
533 2186 573 2233 ex
604 2175 701 2233 tanta
728 2161 881 2233 amicitia
905 2175 1013 2259 atque
1040 2160 1192 2252 loedcre,
1224 2177 1295 2233 tam

231 2275 336 2348 arctis
361 2277 590 2347 sacramentis
608 2274 770 2364 firmato,
794 2276 829 2346 in
849 2273 1038 2347 adversum
1065 2275 1208 2372 penitus
1240 2300 1294 2347 re·

231 2388 341 2482 silire,
370 2389 499 2463 frustra
524 2405 644 2462 tamen
671 2405 706 2463 et
729 2391 805 2462 sine
833 2388 950 2461 fructu
977 2415 1103 2460 omnes
1124 2380 1296 2487 hujusce-

231 2506 331 2577 modi
354 2521 505 2608 conatus
532 2519 803 2605 processerunt,
832 2529 899 2576 nec
926 2503 1093 2604 precibus
1121 2503 1199 2575 ullis
1232 2521 1293 2578 aut

230 2621 538 2695 obsecrationibus
554 2636 607 2693 est
622 2621 785 2693 inflexus.
799 2621 870 2708 Qui
884 2619 979 2716 jam,
1000 2634 1037 2724 ut
1053 2618 1224 2710 diximus,
1245 2622 1293 2692 ad

229 2763 348 2836 regern
372 2762 440 2836 pro
466 2762 530 2809 sua
551 2735 862 2823 reconciliatione,
883 2735 955 2806 suis
973 2733 1205 2806 vehementer
1222 2737 1292 2807 sol-

228 2851 446 2925 licitantibus
462 2868 498 2924 et
516 2849 819 2940 accelerantibus,
838 2851 1093 2922 transmiserat.

277 2970 388 3070 lgitur
402 2994 484 3062 rex,
505 2969 698 3042 conciliato
715 2966 784 3040 sibi
808 2968 966 3068 primum
984 2964 1076 3038 duce
1093 2966 1289 3055 Borbonii,

230 3101 267 3157 ut
295 3085 466 3176 diximus,
504 3084 634 3157 deinde
670 3110 757 3157 vero
793 3084 981 3156 Britanniae
1019 3081 1129 3174 duce,
1165 3082 1292 3156 videns

227 3199 371 3272 fratrem
388 3225 493 3272 suum
511 3191 680 3272 omnibus
701 3223 803 3298 paene
820 3198 959 3271 auxiliis
974 3197 1184 3269 destitutum
1201 3197 1292 3294 (erat
1341 3190 1346 3201 ’

227 3318 323 3388 enim
340 3341 462 3389 comes
482 3316 527 3387 de
547 3315 746 3406 Clrnrolorlr,
760 3330 801 3388 ut
818 3314 996 3402 diximus,
1013 3314 1087 3411 jam
1108 3339 1191 3386 cum
1208 3339 1290 3385 om-

226 3433 332 3506 nibus
355 3435 427 3506 suis
445 3433 558 3531 copiis
584 3432 629 3503 ad
655 3455 736 3504 suas
758 3446 870 3504 terras
897 3430 1141 3504 defendendas
1167 3456 1290 3504 rever-

226 3577 286 3624 sus
307 3550 476 3624 adversus
493 3551 648 3648 impetus
664 3564 699 3619 et
714 3549 941 3622 insolentiam
965 3527 1179 3620 stolidorum
1195 3549 1290 3622 Ebu·

227 3666 401 3760 ronum),
421 3690 505 3737 cum
538 3665 720 3762 diligentia
747 3689 875 3761 magna
901 3641 1176 3754 Nornianniam,
1204 3690 1289 3738 cum

227 3780 396 3851 omnibus
416 3804 504 3877 quas
528 3778 662 3851 habere
683 3793 822 3877 poterat
849 3779 982 3878 copiis,
1011 3792 1065 3849 est
1088 3802 1285 3876 aggressus.

228 3895 398 3983 Quotidie
422 3895 517 3966 enim
535 3894 603 3967 sibi
617 3894 887 3990 adaugebantur
904 3908 940 3965 et
956 3893 1184 3982 crescebant,
1203 3895 1289 3990 quia

268 4083 295 4140 l.
317 4081 520 4137 Possessioncm
539 4076 610 4136 dans
627 4076 655 4136 le
671 4095 725 4136 ms.
745 4077 789 4134 On
804 4077 935 4155 pourrait
953 4095 1111 4136 conserver
1131 4074 1294 4136 l’accusatil

226 4187 262 4227 en
274 4168 436 4249 corrigeant
450 4171 655 4226 interveniendo
668 4186 722 4246 par
735 4169 945 4228 intercedendo.

267 4260 298 4320 2.
322 4263 459 4316 Amirrere
475 4257 547 4315 dans
560 4254 589 4314 le
602 4274 656 4314 ms.
