3402 5186
621 513 730 572 LIBER
749 513 898 572 PRIMUS.
1246 516 1280 572 51

232 669 306 716 non
331 642 466 740 absque
485 640 688 738 ingentibus
705 663 856 712 moerore
872 653 909 710 et
926 639 1090 714 lamentis
1112 642 1150 712 in
1167 642 1285 714 Scotia

233 759 369 832 relicto.
407 831 409 835 ,

282 875 364 945 llaec
383 873 479 945 fuere
503 872 650 962 auxilia,
678 871 753 942 haec
776 870 1006 943 humanitatis
1037 872 1161 945 solatia
1181 897 1284 971 quae,

233 988 280 1061 ad
296 1012 415 1086 regem
432 993 666 1080 Francorum,
689 999 789 1058 tanto
806 987 1080 1084 propinquitatis
1102 1013 1197 1060 nexu
1218 989 1286 1062 sibi

232 1105 383 1202 viroque
407 1128 473 1176 suo
499 1103 753 1198 conjunctum,
783 1101 1012 1200 conlugiens,
1043 1105 1120 1202 ipsa
1143 1105 1288 1178 illustris

236 1219 428 1314 lngiorum
446 1219 567 1314 regina
583 1218 719 1288 invenit
745 1244 752 1288 :
780 1216 885 1316 longe
900 1219 1060 1316 prolecto
1079 1244 1120 1292 ac
1137 1221 1287 1292 nimium

234 1332 290 1406 his
310 1335 481 1433 imparia,
511 1357 590 1430 quae
614 1333 694 1431 pius
716 1334 856 1428 genitor
880 1359 964 1405 suus
986 1333 1133 1408 Carolus
1156 1335 1288 1410 eisdem

235 1450 306 1522 suis
321 1451 447 1548 nepoti
469 1451 637 1547 neptique
656 1504 666 1538 ,
694 1447 768 1520 nisi'
780 1449 817 1519 in
835 1447 904 1542 sata
919 1450 1178 1542 concessisset,
1202 1475 1290 1550 prae-

233 1565 549 1666 stareadpambat.
1167 1557 1176 1575 ’

582 1867 835 1938 CAPITULUM
863 1869 936 1938 XV.

237 2073 356 2140 Qualiter
367 2071 529 2125 Francorum
540 2084 588 2123 rex
599 2088 660 2123 cum
671 2069 807 2138 Eduardo,
818 2073 964 2143 Auglorum
977 2069 1122 2147 [tyrauuol
1134 2073 1210 2127 binas
1221 2085 1292 2128 treu-

272 2172 317 2226 gas
331 2152 389 2206 iniit
401 2152 515 2206 exitiales
525 2151 655 2218 Henrico,
668 2154 814 2223 Anglorum
826 2153 894 2224 regi,
913 2154 1073 2208 consobrino
1088 2173 1151 2222 tuo;
1167 2155 1214 2228 qui
1225 2155 1294 2212 deli-

272 2247 372 2288 tescens
381 2234 408 2286 iu
419 2234 577 2286 monasterio
587 2252 672 2306 prope
682 2233 749 2287 lines
759 2235 833 2306 regui
845 2234 895 2300 sui,
907 2235 1029 2306 proditus
1040 2234 1176 2304 Eduardo,
1189 2237 1223 2290 ab
1234 2237 1292 2310 ipro

272 2313 300 2367 iu
311 2313 392 2368 Tu'rri
406 2311 607 2366 Loudoniarum
621 2313 720 2367 carceri
730 2326 768 2367 est
780 2314 954 2386 mancipatus.

286 2497 356 2570 Sed
373 2511 407 2569 et
429 2521 504 2569 non
521 2494 627 2592 longe
647 2507 838 2592 postquam
856 2495 982 2566 eadem
1000 2497 1121 2592 regina
1136 2498 1173 2568 iu
1184 2503 1292 2572 Fran·

238 2616 330 2687 ciam
346 2612 573 2699 adventarat,
592 2623 628 2681 et
644 2608 761 2680 eidem
776 2608 894 2680 verbis
914 2633 1043 2707 magna
1059 2637 1096 2683 se
1114 2612 1293 2686 exhibitu-

239 2754 320 2802 rum
346 2729 471 2800 solatia
495 2751 555 2798 rex
583 2723 856 2825 spoponderat,
887 2724 1007 2797 modis
1032 2727 1201 2800 omnibus
1230 2753 1294 2827 per

239 2845 398 2918 medium
414 2844 553 2916 comitis
568 2842 614 2915 de
630 2847 679 2914 W
680 2841 828 2932 amicli’,
848 2865 954 2936 quem
977 2867 1193 2941 magnopere
1208 2860 1294 2918 tunc

239 2961 400 3052 colebat,
428 2960 600 3032 amicitias
615 2973 722 3055 atque
748 2956 880 3029 loedera
898 2957 1052 3030 Edoardi
1078 2961 1169 3056 regis
1186 2985 1292 3060 expe·

239 3091 311 3150 tere
324 3102 362 3149 se
376 3075 542 3148 ostendit.
560 3071 779 3170 agnoscebat
792 3073 960 3146 eumdem
973 3077 1141 3148 comitem
1149 3092 1292 3151 versuto

240 3192 427 3265 callentem
445 3191 608 3288 ingenio,
633 3188 679 3261 ad
702 3187 915 3262 tradimenta
933 3213 973 3261 ac
990 3190 1212 3288 proditiones
1233 3195 1293 3266 in·-
1369 3189 1377 3207 '

239 3323 477 3380 strumentum
493 3306 689 3396 idoneum,
719 3312 873 3404 sperans
890 3305 966 3401 ejus
987 3320 1064 3379 astu
1082 3363 1091 3400 ,
1118 3307 1294 3408 quidquid

240 3423 494 3515 desiderasset,
531 3447 636 3521 posse
664 3422 835 3518 consequi
864 3421 909 3494 de
944 3421 1139 3520 Auglorum
1165 3449 1290 3523 regno.

214 3523 218 3530 ¹
242 3540 344 3613 Unde
370 3539 537 3613 eumdem
566 3537 734 3610 comitem
759 3537 891 3635 pluries
913 3537 1111 3611 sollicitavit
1135 3542 1294 3612 muneri-

239 3657 377 3755 busque
403 3656 547 3756 pellexit
573 3669 634 3747 ut,
667 3653 714 3726 ad
731 3653 951 3750 colloquium
974 3677 1057 3725 eum
1078 3678 1123 3727 eo
1145 3653 1294 3728 familia·
1361 3651 1364 3658 ’

240 3773 314 3843 rius
338 3769 563 3861 habendum,
586 3769 642 3841 vel
663 3767 710 3840 ad
728 3765 1024 3862 Abbatisvillarffl,
1053 3767 1108 3841 vel
1129 3770 1174 3842 ad
1196 3771 1293 3844 aliud

281 3982 308 4036 l.
332 3972 457 4034 Richarrl
474 3972 574 4046 Neril‚
594 3986 687 4032 comte
708 3972 747 4030 de
761 3972 902 4032 Warwick
922 3986 951 4031 et
971 3973 1007 4033 de
1025 3972 1185 4054 Salisbury,
1202 3976 1293 4055 grand

240 4063 404 4127 chambrier
415 4060 627 4139 d‘Angleterre‚
637 4061 665 4118 le
674 4062 768 4118 meme
779 4058 850 4118 dout
860 4060 881 4118 il
894 4062 965 4121 ac'te
974 4063 1053 4141 parle'
1067 4064 1139 4126 daus
1149 4063 1296 4124 l'Histoirs

240 4155 277 4213 de
290 4153 407 4213 Charles
420 4153 484 4222 Vll,
499 4150 520 4208 l.
535 4154 577 4222 V,
589 4169 614 4208 c.
630 4169 690 4206 xvi.

280 4247 308 4302 2.
332 4241 495 4304 Abberille.
