3014 5010
528 465 638 522 unm
661 464 844 538 Quassus.
1160 466 1212 523 sor

155 610 397 686 estimaretur,
418 596 467 673 ed
482 596 659 671 tuendum
681 613 800 671 tamen
825 597 914 671 lines
929 623 1014 672 suos
1029 600 1113 673 satis
1128 615 1217 673 stre·

155 737 227 786 oue
243 738 281 787 se
297 728 461 811 gesserat,
487 714 670 787 nonnullis
685 714 919 789 nihilominus
932 713 1110 789 loederatis
1132 716 1218 814 ipsis

156 829 453 927 Burgundionum
472 842 509 901 et
530 830 718 902 Britanniae
740 829 893 902 ducibus
915 830 1125 904 calamitatis
1146 854 1219 903 ma·

157 971 235 1046 gnte
251 949 479 1021 occasionem
496 946 703 1019 attulerunt.

205 1067 332 1135 Fuerat
346 1086 467 1135 comes
486 1062 696 1153 arminiaci,
713 1076 794 1162 post
815 1062 955 1135 obitum
974 1060 1085 1134 felicis
1100 1086 1219 1135 recor-

155 1172 310 1247 dationis
337 1175 439 1247 ducis
463 1175 678 1273 Aquitaniae,
698 1176 827 1247 iterum
850 1199 914 1275 per
936 1198 1057 1271 regem
1083 1176 1218 1271 majore

156 1310 198 1358 ex
214 1301 314 1385 parte
328 1287 429 1371 terris
441 1299 550 1384 atque
563 1285 733 1358 dominiis
749 1287 820 1359 suis
837 1286 1009 1385 spoliatus
1024 1301 1060 1359 et
1072 1286 1214 1386 pulsus;

154 1399 200 1472 ad
221 1403 323 1499 cujus
345 1417 475 1493 terras,
494 1427 578 1474 curn
599 1401 763 1475 facultate
782 1403 985 1501 paciscendi
1007 1417 1042 1475 et
1067 1427 1219 1503 compo-

154 1515 265 1588 nendi
289 1542 374 1590 cum
395 1542 439 1589 eo
460 1518 579 1614 (quod
596 1519 672 1616 ipse
701 1541 843 1615 rogasse
861 1532 897 1589 et
917 1519 1103 1617 expetiisse
1121 1518 1218 1591 dice·

152 1629 298 1730 batur),
319 1658 382 1704 rex
399 1633 544 1706 miserat
560 1633 750 1707 dominum
774 1632 820 1706 de
837 1633 1056 1724 Bello-loco,
1082 1636 1219 1708 dictum

152 1742 259 1839 vulgo
277 1758 313 1815 et
329 1760 577 1844 nuncupatum
601 1744 790 1818 dominum
807 1744 853 1818 de
875 1745 1053 1845 Beaujeu,
1073 1745 1218 1820 fratrem

153 1857 256 1931 ducis
271 1858 456 1954 Borhouii,
476 1886 560 1934 cum
578 1862 655 1934 aliis
671 1860 886 1960 quibusdam
900 1862 945 1937 de
960 1862 1132 1935 Consilio.
1147 1862 1219 1951 Qui

153 1996 236 2046 cum
267 1975 313 2048 ad
341 1977 519 2050 civitatem
543 1981 816 2052 Lectorensem¹
844 1980 1107 2079 pervenissent,
1138 2003 1218 2077 quae

149 2086 240 2184 juris
257 2088 371 2163 luerat
393 2091 555 2189 ejusdem
581 2094 738 2186 comitis,
760 2092 862 2165 seda
887 2116 969 2190 rege
990 2109 1166 2192 occupata
1182 2108 1219 2166 et

259 2230 333 2295 ssa,
363 2220 417 2295 et,
449 2222 610 2281 tenentes
634 2210 829 2309 practicam
853 2223 888 2280 et
921 2209 1031 2282 verha
1066 2234 1218 2310 compo-

152 2227 265 2403 m
285 2339 319 2395 et
339 2324 553 2423 pacificandi
575 2351 659 2398 cum
676 2327 754 2424 ipso
774 2327 929 2417 comite,
952 2327 1128 2399 incautius
1152 2328 1218 2400 mi·

153 2462 292 2536 nosque
325 2442 475 2514 solerter
510 2457 618 2541 atque
645 2441 833 2539 vigilanter
866 2441 1028 2538 ejusdem
1064 2443 1218 2516 civitatis

151 2556 323 2629 custodiae
348 2558 577 2632 intenderent
588 2563 612 2652 ¹,
635 2560 785 2657 contigit
812 2574 850 2630 ut
872 2557 969 2631 idem
995 2582 1116 2630 comes
1136 2573 1216 2631 astu

151 2672 311 2769 quodam
325 2687 360 2744 et
382 2674 622 2766 vaframent0,
646 2690 744 2748 certa
766 2673 956 2747 satellitum
980 2697 1091 2745 manu
1108 2674 1216 2774 stipa·

151 2801 228 2877 tus,
250 2787 414 2860 eamdem
440 2789 566 2862 urhem
583 2815 684 2863 suam
707 2788 964 2886 ingrederetur.
992 2792 1111 2877 Quam
1131 2814 1216 2861 cum

150 2901 329 2998 ingressus
352 2917 388 2974 et
411 2928 475 2995 ea,
503 2904 642 2978 civibus
670 2905 741 2977 suis
767 2906 915 2978 minime
938 2903 1213 2995 reluctantibus,

150 3019 285 3116 potitus
311 3018 450 3108 suisset,
478 3022 597 3120 ipsum
620 3022 811 3094 dominum
840 3020 887 3095 de
907 3021 1110 3094 Bello-loco
1132 3044 1216 3092 cum

150 3113 227 3206 aliis
242 3136 347 3232 regiis
363 3139 616 3212 commissoriis
640 3163 724 3212 suos
740 3139 902 3238 captivos
926 3138 1007 3211 lecit
1027 3154 1064 3211 et
1084 3141 1121 3212 in
1141 3162 1216 3211 car·

150 3276 266 3324 ocrem
284 3255 400 3326 trusit.

199 3367 308 3456 Quod
332 3393 416 3440 cum
438 3370 485 3442 ad
502 3372 593 3466 regis
612 3372 789 3469 perlatum
814 3370 878 3442 fuit
895 3371 1080 3463 notitiam,
1096 3371 1216 3443 statim

150 3497 232 3583 post
258 3483 434 3577 Pascha',
454 3509 602 3582 magnas
630 3510 779 3558 suorum
803 3487 965 3585 equitum
991 3503 1026 3560 et
1048 3486 1213 3588 pediturn

190 3686 221 3741 l.
242 3686 394 3754 moure,
410 3678 597 3755 aujourd'hui
612 3681 683 3743 dans
698 3683 725 3741 le
741 3680 940 3762 departement
953 3683 994 3742 du
1007 3685 1093 3744 Gers.

190 3770 220 3830 2.
242 3771 364 3848 D'apres
383 3788 440 3829 une
460 3770 610 3830 remission
629 3770 670 3830 du
692 3768 797 3831 Τήιοι
820 3770 872 3831 des
891 3772 1010 3832 Chartes
1033 3778 1110 3852 (reg.
1137 3774 1214 3843 205,

149 3877 180 3940 p.
197 3860 251 3916 l8l
263 3866 292 3935 ),
313 3872 392 3920 tonte
409 3860 437 3919 lu
451 3860 528 3920 laute
546 3860 589 3920 fut
604 3864 621 3919 l
637 3865 760 3940 Jacques
773 3859 816 3920 'de
830 3865 1014 3942 Loumagnc,
1030 3863 1167 3941 seigneur
1178 3860 1216 3920 de

149 3950 337 4027 iloutaguac,
351 3947 509 4025 chevalier,
526 3950 592 4027 qui,
609 3952 689 4009 etant
700 3950 808 4030 charge
824 3952 861 4009 dc
875 3951 903 4011 la
918 3950 1008 4033 garde
1025 3950 1062 4010 de
1074 3950 1104 4010 la
1126 3949 1213 4025 ville,

149 4050 199 4098 eut
213 4036 421 4118 l'imprudeuce
433 4039 470 4100 sle
480 4044 542 4101 s’en
555 4060 674 4121 reposer
687 4061 738 4101 sur
749 4039 811 4101 l’uu
825 4041 862 4101 de
876 4061 921 4102 scs
931 4041 1063 4105 hommes
1077 4040 1212 4100 d’armes.

190 4131 220 4190 ³.
245 4130 353 4189 llrreur
371 4128 409 4189 de
423 4129 499 4190 date.
515 4134 556 4193 Ie
576 4131 620 4191 roi
638 4150 753 4210 envoy·
769 4150 823 4192 son
840 4132 938 4192 ermes
957 4143 1058 4192 contre
1076 4129 1104 4190 le
1121 4141 1216 4191 comte

149 4214 341 4298 tl’lrmagnac
354 4239 393 4279 au
407 4216 480 4279 mois
491 4218 528 4280 ds
542 4219 697 4281 decembre
710 4223 801 4282 lm.
