3282 5168
363 583 419 640 380
634 577 888 638 fflsrottmtutt
907 577 1086 640 LUDOVICI
1106 579 1149 636 xt

360 711 562 784 Minabatur
576 733 708 807 nempe
730 732 768 780 se
789 708 845 781 'eis
864 707 1123 806 damnantque
1144 710 1292 807 injurias
1310 712 1422 788 illatu-

360 853 460 919 rum,
484 828 551 900 nisi
584 827 657 898 suis
685 825 838 898 decretis
858 837 900 896 et
935 824 1073 924 placitis
1100 825 1418 925 obtemperassent.

358 943 626 1018 Ferretensibus
646 943 754 1015 etium
770 940 953 1015 inchoavit
975 967 1114 1016 novum
1135 944 1322 1042 quoddam
1340 970 1422 1020 vec-

359 1060 442 1159 tigal
467 1086 531 1134 scu
556 1060 765 1158 impositum
789 1056 948 1130 indicere
976 1083 1083 1158 super
1106 1060 1317 1159 potionibus
1343 1085 1424 1160 quae

360 1179 396 1252 in
409 1193 505 1252 terra
514 1175 775 1263 venderentur;
793 1172 893 1271 quod
908 1173 1002 1246 itlius
1016 1187 1119 1246 terrae
1131 1173 1261 1247 accolae
1275 1191 1424 1274 perante

360 1293 504 1392 penitus
522 1316 560 1364 se
577 1290 742 1363 nesciisse
754 1287 971 1362 asserebant.
990 1293 1072 1362 Haec
1088 1304 1196 1389 atque
1211 1291 1279 1363 alia
1293 1290 1421 1382 multa,

360 1431 440 1504 quae
472 1406 529 1480 rel
555 1406 593 1477 in
618 1406 730 1505 ipsius
751 1404 933 1498 moribus,
954 1405 1011 1477 vel
1036 1405 1144 1478 ctiam
1169 1406 1208 1478 in
1227 1406 1346 1480 verbis
1370 1409 1425 1480 ni·

361 1523 475 1596 mium
489 1526 614 1621 aspera
633 1535 669 1594 et
691 1521 920 1594 fastuosaeis
937 1519 1166 1610 videbantur,
1189 1521 1295 1594 simul
1316 1523 1423 1596 etiam

360 1641 461 1739 quod
478 1641 570 1712 vires
582 1653 690 1738 atque
706 1638 903 1737 potentiam
919 1635 1138 1708 verebantur
1149 1635 1252 1709 ducis
1266 1642 1425 1736 Burgun-

361 1757 428 1831 diae
450 1757 574 1856 (quem
591 1753 764 1828 videbant
788 1769 949 1826 recenter
966 1753 1075 1826 armis
1100 1755 1334 1851 conquisiisse
1354 1756 1423 1829 du·

361 1885 481 1946 catum
490 1871 644 1946 Geldriae
653 1884 760 1968 atque
771 1869 970 1969 adspirasse
980 1869 1027 1942 ad
1039 1893 1204 1967 regnum,
1217 1870 1310 1943 infra
1321 1871 1424 1968 cujus

362 1990 508 2081 limites,
536 1988 565 2060 si
586 2011 645 2058 res
671 1985 758 2072 sibi,
784 1987 837 2058 uti
859 1987 1114 2076 aestimaverat,
1143 1988 1421 2084 processissent,

362 2105 466 2177 sitisse
480 2102 673 2175 claudendi
686 2118 721 2175 et
735 2101 1053 2205 circumscribendi
1064 2100 1172 2199 vulgo
1186 2101 1422 2202 ferebantur),

361 2232 467 2319 pacto
485 2218 578 2289 inter
593 2242 632 2290 se
649 2217 794 2310 foedere,
817 2218 922 2292 simul
937 2219 1052 2291 etiam
1066 2201 1153 2290 cum*
1167 2219 1420 2317 sigismundo,

361 2333 453 2407 duce
482 2333 648 2425 nustriae,
680 2335 761 2434 qui,
790 2335 843 2407 uti
876 2334 1050 2425 diximus,
1076 2333 1179 2406 iilum
1210 2337 1424 2410 comitatum

361 2456 603 2525 Ferretensem
615 2466 709 2531 ,ante
729 2475 845 2524 annos
860 2474 995 2548 paucos
1013 2451 1082 2550 ipsi
1104 2451 1188 2524 duci
1210 2451 1424 2550 Burgundio

362 2570 584 2657 vendiderat,
600 2570 696 2670 ipsos
712 2575 935 2642 Ferretenses
947 2567 994 2641 ad
1004 2568 1239 2644 rebellionem
1253 2568 1424 2643 adversus

361 2687 532 2760 eumdem
549 2685 763 2783 Burgundiae
781 2683 910 2757 ducem
928 2687 1167 2758 concitarunt.

411 2805 497 2893 Qui,
517 2803 664 2876 eumad
684 2803 756 2877 hoc
778 2826 852 2874 non
870 2799 1101 2874 involuntarii
1117 2815 1251 2892 essent,
1270 2800 1333 2874 scd
1357 2801 1421 2877 de·

361 2917 552 2994 sectionem
576 2919 622 2994 ab
649 2942 712 3010 eo,
740 2934 883 2991 etcum
912 2917 1135 2991 Suitensibus
1159 2930 1196 2990 et
1222 2917 1424 2991 civitatibus

361 3033 519 3108 finitimis
536 3034 879 3108 confoederationem
892 3048 926 3104 et
940 3032 1182 3130 colligantium
1199 3033 1284 3105 totis
1297 3033 1424 3106 animis

360 3147 587 3237 affectarent,
606 3173 643 3220 se
663 3147 709 3218 ab
728 3147 888 3243 ejusdem
912 3145 1118 3221 obedientia
1141 3162 1177 3219 et
1200 3146 1424 3243 subjectione

361 3262 629 3336 subtraxerunt.
647 3265 766 3350 Quam
777 3261 1017 3334 desectionem
1034 3286 1096 3335 seu
1113 3261 1367 3352 rebellionem,
1384 3280 1425 3337 ut

360 3376 509 3476 alicujus
522 3378 666 3476 juridici
677 3377 810 3451 coloris
824 3378 1032 3478 obtegerent
1047 3383 1270 3470 velamento,
1290 3406 1424 3476 assere·

361 3491 450 3565 bant
474 3493 604 3567 ducem
635 3494 781 3566 nustriae
813 3495 1100 3594 sigismundum,
1141 3497 1242 3594 cujus
1275 3509 1424 3597 perante

360 3610 491 3685 ditioni
522 3627 736 3712 paruerant,
768 3638 812 3686 ex
842 3614 920 3710 iege
947 3614 1044 3688 dicta
1069 3615 1107 3687 in
1132 3615 1343 3688 venditione
1368 3617 1423 3689 sui

359 3731 563 3824 comitatus,
574 3730 696 3804 fecisse
708 3730 828 3805 offerri
838 3734 847 3768 ¹
859 3730 943 3804 duci
955 3729 1253 3828 Burgundionum
1268 3735 1424 3833 pretium

359 3845 460 3945 quod
476 3871 545 3946 pro
560 3846 692 3921 eodem
709 3847 881 3940 comitatu
893 3847 974 3947 ,ipse
992 3848 1221 3941 exsolverat’;
1242 3863 1424 3949 protesta-

362 3979 510 4061 tumque
527 3964 651 4054 fuisse,
670 3964 738 4038 nisi
750 3964 787 4037 id
803 3965 997 4062 reciperet,
1017 3989 1056 4037 se
1071 3964 1119 4038 ad
1134 3965 1423 4066 recuperandum

402 4237 430 4296 t.
453 4233 570 4311 Auserri
584 4234 655 4295 dans
669 4235 696 4293 le
708 4249 761 4295 ms.

400 4327 430 4384 2.
453 4323 740 4384 renumerante
754 4343 808 4385 ms.
