3402 5186
650 520 760 576 LIBER
779 520 929 578 PRIMUS.
1280 523 1317 580 53

265 648 430 719 stiturum
454 647 580 720 illustri
600 650 748 744 reginae,
773 649 934 747 compari
957 674 1048 737 suae,
1076 648 1190 721 fuerat
1214 652 1318 749 polli-

265 778 368 833 crtus.

316 882 485 975 Percepta
498 894 617 952 autem
627 877 696 951 hac
708 878 822 968 clade,
840 879 920 976 pius
935 878 993 949 ille
1008 882 1192 974 Hernicus,
1210 883 1320 957 fidem

265 992 455 1064 hominum
470 1007 670 1064 exsecratus
685 1009 719 1065 et
737 993 914 1064 varietatis
937 1017 1055 1064 rerum
1079 995 1318 1072 humanarum

265 1123 450 1205 pertaesus,
470 1132 555 1178 cum
574 1107 619 1178 de
636 1108 748 1178 Scotis
761 1109 867 1180 etiam
885 1132 1012 1207 parum
1028 1109 1242 1203 confideret,
1263 1139 1320 1186 re·

265 1223 347 1294 licta
362 1223 493 1315 scotia,
510 1220 557 1294 ad
569 1221 755 1320 quoddam
770 1225 1023 1296 monasterium
1039 1225 1319 1300 monachorum¹

265 1340 359 1410 circa
375 1336 464 1410 fines
485 1338 584 1434 regni
600 1337 654 1409 sui
673 1337 765 1409 clam
781 1362 818 1410 se
834 1338 998 1410 contulit,
1019 1339 1088 1410 Ubi
1110 1339 1176 1411 sub
1193 1366 1319 1415 mona·

265 1456 324 1529 chi
346 1455 472 1527 habitu
492 1480 612 1552 regem
633 1454 837 1544 occultans,
862 1469 898 1526 et
917 1457 982 1526 Dei
1000 1455 1173 1530 duntaxat
1190 1483 1319 1534 vacans

265 1569 457 1667 obsequio,
477 1595 540 1669 per
558 1571 695 1667 aliquot
711 1573 843 1642 annos'
861 1571 1001 1666 ignotus
1016 1571 1179 1662 delituit;
1204 1575 1320 1648 donec

266 1712 328 1784 per
359 1686 551 1783 quemdam
582 1684 760 1783 perfidum
787 1684 1003 1756 monachum
1034 1700 1141 1784 atque
1169 1689 1319 1788 impium

266 1800 455 1893 Edoardo,
484 1801 533 1872 ob
554 1800 787 1872 commodum
814 1799 960 1898 aliquod
986 1803 1182 1900 temporale
1204 1804 1251 1875 ab
1274 1831 1319 1878 eo

265 1918 574 2014 consequendum,
596 1917 757 2015 proditus
775 1929 811 1987 et
826 1916 1001 1988 indicatus
1019 1916 1095 1989 luit.

313 2037 404 2104 Cum
422 2048 539 2104 autem
562 2035 610 2105 ita
631 2032 797 2103 Edoardo
823 2047 913 2104 esset
940 2032 1124 2131 proditus,
1154 2035 1216 2130 qui
1242 2051 1320 2110 tum

264 2147 410 2246 pacifice
424 2162 500 2219 toto
516 2147 718 2246 potiebatur
732 2173 856 2244 regno,
871 2148 985 2219 missis
1001 2147 1220 2238 satellitibus,
1236 2175 1318 2222 curn

264 2264 361 2335 adse
378 2263 583 2335 Londonias
600 2264 760 2334 accersiri
774 2263 893 2360 jussit;
912 2288 986 2360 quo
1001 2262 1083 2335 loco
1105 2266 1141 2335 in
1163 2289 1245 2337 arce
1260 2267 1320 2338 illa

263 2395 402 2471 vetere,
435 2405 513 2476 quae
541 2379 661 2450 Turris
690 2378 959 2450 londoniarum
986 2379 1203 2477 appellatur,
1235 2407 1319 2454 eum

265 2495 470 2585 recludens,
507 2494 663 2592 praebitis
692 2495 753 2590 qui
785 2496 821 2564 in
851 2494 987 2564 cunctis
1013 2493 1080 2564 sibi
1113 2499 1319 2570 necessariis

265 2612 503 2682 ministrarent
523 2608 813 2706 exactissimeque
834 2608 1079 2699 observarent,
1105 2608 1215 2706 longo
1237 2636 1316 2684 car-

263 2749 343 2798 cere
368 2751 451 2798 eum
475 2725 674 2813 damnavit,
695 2725 925 2820 clausumque
943 2722 1014 2794 illic
1030 2723 1202 2795 custodiri
1221 2725 1314 2799 fecit.

263 2843 385 2930 Qualis
401 2858 520 2914 autem
537 2841 769 2941 postmodum
792 2864 875 2912 eum
892 2839 1035 2911 fortuna
1048 2841 1222 2932 tenuerit,
1252 2866 1318 2912 suo

262 2957 356 3047 loco,
373 2961 450 3029 Deo
464 2957 653 3052 adjuvante
668 3010 677 3044 ‚
693 2954 852 3026 inferius
868 2979 1143 3054 prosequemur,
1172 2954 1217 3026 ad
1234 2954 1319 3026 alias

262 3099 318 3146 res
327 3099 392 3172 per
403 3072 634 3160 Ludovicum‚
644 3087 725 3144 ante
738 3071 831 3143 hanc
846 3073 989 3143 Henrici
1000 3072 1317 3143 incarcerationem

263 3206 392 3287 gestas,
413 3203 573 3260 nostram
591 3187 810 3260 reflectentes
828 3188 1084 3259 narrationem.
1104 3191 1223 3274 Quam
1238 3189 1316 3282 qui·

263 3306 344 3377 dem
363 3303 461 3404 [huc]
478 3328 591 3400 usque
609 3327 710 3374 casus
726 3302 870 3373 Henrici
888 3300 1120 3398 fortunasque
1136 3301 1317 3374 narrando

261 3422 541 3519 perstrinximus,
559 3421 748 3491 occasione
761 3418 935 3489 adventus
945 3417 1086 3488 illustris
1100 3419 1314 3516 Margaretae‚

261 3537 456 3634 Anglorum
480 3536 625 3632 reginas,
658 3535 703 3606 ad
721 3533 979 3605 consobrinum
1002 3558 1109 3605 suum
1131 3535 1319 3632 maritique

260 3655 315 3724 sui
334 3655 475 3725 Henrici
491 3653 659 3725 eumdem
680 3650 919 3740 Ludovicum‚
940 3654 1158 3721 Francorum
1179 3675 1315 3747 regem,

260 3770 372 3864 gratia
390 3770 509 3841 auxilii
527 3767 714 3863 solatiique
731 3765 776 3837 ab
793 3791 838 3837 eo
854 3765 1192 3861 consequendorum
1212 3793 1219 3835 :
1239 3774 1319 3862 quae

261 3884 345 3956 talia
370 3885 486 3980 qualia
512 3885 662 3954 relatum
689 3881 844 3970 exstitit,
875 3880 1070 3952 adinvenit.
1099 3882 1176 3952 Fuit
1198 3896 1318 3952 autem
1401 3965 1405 3971 Ι

260 4001 361 4099 prior
387 3998 562 4069 adventus
586 3998 696 4096 ipsius
717 3996 846 4093 reginae
871 3995 907 4065 in
927 3995 1112 4069 Franciam
1128 3995 1175 4068 ad
1197 3995 1319 4067 Ludo-
1422 4064 1428 4074 ,

301 4175 329 4228 1.
354 4174 380 4229 Α
393 4166 559 4248 Abingdon.

302 4263 332 4320 2.
356 4260 487 4321 Pendant
501 4275 542 4317 un
556 4274 594 4317 an
608 4257 777 4319 seulement.
