3282 5168
570 583 680 640 nram
704 581 886 656 Qurrrns.
1198 577 1255 640 aar

197 741 281 790 sans
301 716 331 788 si
355 690 504 812 quoquo
531 711 659 800 mod0,
687 711 742 792 vel
761 712 899 808 jaculo,
934 710 991 782 vel
1017 711 1259 788 bombardula
1355 752 1357 758 ·

198 829 428 902 obsessorum
460 827 616 925 aliquem
649 826 753 899 serire
788 849 830 898 ac
860 824 1013 922 dejicere
1041 827 1253 924 potuissent.

199 946 302 1019 Unde
331 942 519 1018 eveniebat
542 942 762 1040 frequenter,
792 955 899 1013 uter
923 940 1166 1013 obsidentium
1199 967 1258 1016 ca·

197 1061 291 1153 stris,
308 1060 490 1159 potissime
506 1057 553 1130 de
566 1057 674 1147 Italis,
687 1081 780 1155 quos
794 1054 977 1142 acerbiore
993 1056 1259 1131 insectabantur

198 1174 298 1264 odio,
314 1176 424 1273 aliqui
452 1188 682 1263 necarentur3
703 1186 752 1261 et,
777 1197 860 1246 cum
877 1172 970 1244 infra
991 1172 1097 1246 unius
1110 1174 1256 1266 mensis,

197 1290 255 1362 vel
278 1292 392 1381 circa,
417 1291 596 1390 spatium,
620 1289 696 1387 ipse
721 1287 1018 1383 Burgundionum
1043 1288 1117 1362 dux
1141 1290 1260 1390 ipsum

198 1405 376 1505 oppidum
404 1407 460 1479 vel
486 1428 710 1506 expugnare,
746 1404 802 1477 vel
829 1403 876 1476 ad
913 1395 1135 1478 deditionem
1160 1429 1261 1478 coar-

197 1536 295 1594 ctare
311 1523 532 1622 speravisset,
553 1546 620 1595 nec
637 1521 775 1618 integro
791 1544 905 1620 prope
922 1545 1019 1592 anno
1035 1545 1110 1618 quo
1126 1535 1258 1614 castra,

198 1637 307 1708 etiam
331 1663 395 1736 per
419 1651 534 1713 totam
557 1637 714 1711 hiemem
737 1650 773 1708 et
798 1649 979 1728 estatem,
1016 1636 1088 1708 illic
1119 1634 1260 1730 habuit,

198 1754 317 1852 ipsum
336 1756 453 1854 potuit
470 1755 645 1828 obtinere.

249 1875 348 1944 Hanc
382 1871 530 1971 quidem
552 1872 817 1973 providentiam
843 1875 880 1956 in
908 1897 1056 1945 suorum
1086 1869 1260 1948 distribu-

199 1991 298 2062 tione
317 2013 359 2062 ac
378 1990 642 2089 dispensatione
660 1990 866 2062 victualium
891 1988 1028 2066 obsessi
1048 2005 1257 2085 tenuerunt,

199 2118 239 2176 ut
254 2104 344 2178 duas
366 2120 505 2180 tantum
519 2107 577 2178 vel
599 2121 670 2179 tres
689 2107 864 2204 coquinas
886 2106 1041 2180 facerent
1058 2128 1125 2206 pro
1142 2107 1261 2178 omni·

198 2221 281 2311 hus,
298 2223 360 2320 qui
388 2223 426 2294 in
450 2222 588 2321 oppido
614 2238 737 2314 erant,
760 2221 805 2295 de
830 2224 961 2321 quibus
983 2224 1130 2297 cuilibet
1140 2225 1262 2297 :distri-

198 2337 396 2430 bachatur,
427 2336 626 2410 secundum
653 2338 753 2438 quod
781 2363 847 2436 pro
875 2339 1028 2414 instante
1051 2341 1261 2414 necessitate

199 2452 388 2528 videbatur
404 2460 683 2554 opportunnm¹.

251 2575 344 2643 lnter
368 2571 461 2670 ipsas
490 2597 577 2644 vero
602 2568 801 2644 obsidionis
825 2578 981 2673 morns’,
1015 2575 1099 2647 curn
1124 2575 1260 2649 obsessi

200 2685 474 2760 Coloniensihus
498 2687 702 2760 denuntiari
726 2687 895 2776 fecissent
912 2688 980 2760 sihi
1003 2689 1167 2788 pulveres
1190 2717 1257 2791 pro

199 2798 458 2875 bombardellis
483 2817 518 2874 et
534 2802 709 2874 machinis
730 2804 802 2875 suis
817 2802 983 2896 deficere,
1002 2808 1177 2880 miserunt
1191 2809 1259 2908 ipsi

200 2917 433 2991 Colonienses
449 2918 664 3017 quingentos
680 2918 776 2988 viros
796 2916 951 3016 pedites,
974 2944 1131 3016 quorum
1146 2947 1260 2996 unus-

200 3037 351 3136 quisque
373 3051 508 3110 certam
533 3035 578 3108 de
609 3033 817 3131 hujusmodi
848 3033 1028 3109 deserebat
1049 3037 1259 3137 pulveribus

200 3152 435 3250 quantitatem
451 3179 459 3239 ;
479 3151 541 3249 qui
557 3150 647 3222 hora
665 3148 849 3241 condicta,
876 3165 1005 3242 noctu,
1031 3152 1124 3224 clam
1145 3169 1258 3228 castra

201 3269 499 3365 Burgundionum
517 3281 757 3366 penetrantes,
771 3266 818 3339 ad
835 3281 978 3366 portam
993 3292 1106 3366 usque
1118 3269 1258 3370 oppidi,

200 3386 239 3457 in
255 3407 328 3482 qua
345 3407 407 3458 eos
423 3383 595 3483 oppidani
609 3382 900 3481 opperiebantur,
915 3397 1147 3482 penetrarunt
1162 3387 1261 3462 inco·

196 3503 328 3592 lomes,
342 3501 508 3599 introque
525 3499 662 3598 absque
678 3500 750 3573 ulla
763 3502 992 3575 cunctatione
1004 3502 1149 3578 admissi
1161 3521 1258 3580 sunt.

203 3621 269 3688 Per
280 3615 482 3716 proditores
499 3615 594 3686 enim
613 3627 675 3685 aut
693 3614 891 3711 transfugas
906 3615 1106 3693 didicerant
1120 3620 1261 3718 signum

203 3759 264 3807 sen
289 3732 442 3806 verbum
462 3732 664 3830 vigiliarum
684 3730 777 3804 illius
803 3732 930 3807 noctis.
959 3737 1036 3808 Hoc
1060 3753 1202 3832 autem,
1229 3753 1264 3825 et

245 3945 274 4005 l.
294 3965 309 3996 ι
324 3945 380 4002 Les
394 3955 503 4007 rustres
516 3941 638 4020 (reitres)
652 3942 824 4022 prendoient
839 3944 917 4004 leurs
931 3944 1028 4006 vivres
1047 3946 1157 4006 chacun
1168 3947 1267 4022 joma

203 4031 297 4092 l¹ostel
312 4032 349 4091 de
364 4031 584 4112 l’archevesque
593 4079 601 4108 ‚
617 4046 647 4093 et
664 4033 691 4092 le
706 4052 794 4093 menn
809 4033 914 4114 peuple
936 4039 953 4094 a
966 4035 1044 4096 deux
1062 4035 1216 4118 bourgeois
1231 4037 1268 4099 de

205 4123 235 4183 la
248 4123 335 4197 ville,
351 4123 402 4202 qni
416 4123 642 4205 jonrnellement
656 4124 720 4184 leur
733 4123 867 4186 laisoient
879 4123 1064 4188 administret
1077 4123 1155 4186 leurs
1168 4126 1271 4188 neces-

208 4215 286 4274 site's.
305 4239 319 4269 s
335 4215 466 4292 Molinet,
481 4216 502 4275 l.
518 4217 543 4289 l,
558 4237 584 4279 c.
600 4235 660 4275 ιιι.

254 4306 283 4362 2.
306 4305 441 4368 Dansles
455 4303 596 4385 premiere
605 4304 689 4379 jours
702 4303 738 4364 de
750 4303 920 4368 novembre.
936 4305 1065 4378 Molinet,
1081 4305 1144 4382 1.1,
1160 4327 1188 4369 c.
1204 4327 1272 4371 vm.

370 4431 397 4471 rr
1029 4485 1036 4501 Ι
1074 4417 1111 4475 22
