3402 5186
661 541 771 598 Llllllll
791 541 940 600 PRIMUS.
1290 547 1327 602 79

321 669 425 744 Unde
441 685 490 761 et,
509 671 547 742 in
564 669 693 743 eodem
710 665 778 742 'suo
794 670 950 744 adventu
968 696 1079 762 nove,
1097 673 1246 770 vectigal
1263 699 1329 746 no·

270 811 355 860 vum
373 785 544 884 imposuit
561 811 668 884 super
683 787 790 876 vinis,
809 810 888 882 quae
903 811 967 884 per
983 787 1117 860 flumen
1135 791 1325 884 Sequauae,

270 902 337 976 sub
355 917 467 1002 ponte
485 902 610 1002 oppidi
627 901 899 994 Pontis-Archa,
918 900 1176 976 descenderent
1191 903 1327 977 Rotho·

271 1042 416 1114 magum
436 1018 538 1092 etad
559 1032 676 1117 partes
698 1017 905 1090 inferiores:
925 1033 961 1090 et
978 1018 1066 1091 illud
1089 1020 1234 1117 quidem
1253 1045 1327 1094 non

270 1158 439 1232 parvum3
456 1135 520 1207 sed
535 1134 695 1207 medium
711 1149 853 1207 scutum
864 1136 943 1208 auri
959 1159 1026 1235 pro
1043 1135 1201 1234 qualibet
1212 1137 1328 1210 cauda

270 1250 343 1321 vini
359 1249 470 1324 levari
484 1252 616 1348 jussit¹.
638 1250 747 1339 Quod
766 1250 937 1346 injustum
959 1265 996 1323 et
1014 1251 1255 1324 irrationabile
1273 1253 1326 1324 ni·

270 1367 354 1460 mis,
378 1367 555 1466 valdeque
572 1367 704 1440 durum
720 1381 756 1440 et
772 1347 1011 1439 ibhumanum
1027 1383 1114 1440 erat.
1139 1371 1228 1438 Nam
1243 1392 1327 1440 curn

176 1507 179 1516 ’
270 1495 343 1554 tota
359 1484 505 1556 inferior
521 1484 741 1556 Normannia
753 1496 872 1556 careat
885 1483 991 1574 vinis,
1008 1484 1075 1554 nisi
1091 1496 1267 1580 quatenus
1282 1481 1328 1556 de

270 1599 415 1669 remotis
426 1599 620 1670 Galliarum
632 1597 825 1696 provinciis
836 1596 911 1690 illo,
923 1599 1064 1695 navigio
1076 1622 1137 1669 seu
1149 1597 1325 1692 curribus,

142 1757 145 1766 ‹
270 1713 509 1807 advehuntur,
538 1715 653 1811 sitque
674 1726 820 1785 vectura
840 1712 931 1785 adeo
950 1714 1066 1811 gravis
1081 1730 1189 1812 atque
1206 1738 1328 1813 sump-

270 1843 372 1900 tuosa
389 1829 487 1925 (cum
509 1828 585 1900 aliis
605 1827 808 1926 sumptibus
826 1842 861 1899 et
880 1827 1050 1926 impensis
1069 1853 1160 1926 quos
1178 1852 1246 1926 pro
1267 1852 1329 1900 eo·

269 1969 350 2015 rum
371 1945 555 2043 emptione
574 1943 651 2025 fieri
671 1947 835 2043 oportet)
856 1943 974 2041 quod,
995 1967 1080 2016 cnm
1100 1944 1172 2016 illic
1197 1968 1217 2016 a
1237 1969 1328 2016 mer·

268 2060 449 2131 caloribus
474 2059 698 2132 ducellantur
720 2061 792 2131 sive
819 2057 866 2131 ad
892 2058 1078 2132 tabernam
1101 2059 1325 2152 venduntur,

268 2191 416 2271 quartus
443 2174 629 2268 denarius,
663 2177 727 2273 qui
756 2175 830 2272 regi
859 2175 944 2246 inde
973 2175 1140 2268 solvitur,
1173 2173 1218 2246 ad
1248 2176 1330 2273 plus

269 2291 436 2364 ascendat
457 2316 566 2389 quam
583 2291 693 2390 ipsius
711 2290 783 2361 vini
800 2292 953 2388 pretium
970 2291 1007 2362 in
1023 2290 1200 2389 plerisque
1218 2287 1325 2381 loeis,

181 2502 185 2510 ν
268 2407 365 2480 unde
393 2407 438 2480 ad
471 2407 728 2480 Normanniam
753 2405 994 2497 advehuntur,
1021 2408 1211 2500 exstiterit,
1245 2409 1330 2480 satis

268 2522 429 2620 prolecto
451 2522 511 2596 illa
534 2522 654 2595 infelix
672 2521 875 2621 provincia,
897 2536 932 2594 et
950 2547 1058 2619 super
1081 2524 1182 2616 satis,
1207 2522 1329 2619 quoad

251 2639 367 2734 mina,
393 2653 536 2737 gravata
555 2653 649 2732 erat,
676 2636 722 2710 de
745 2649 873 2733 quarto
896 2637 958 2711 illo
976 2636 1125 2710 denario
1142 2623 1251 2733 quem
1269 2665 1329 2712 rex

201 2821 203 2826 .
266 2779 375 2855 super
397 2755 584 2848 omuibus,
606 2777 684 2852 quae
703 2752 944 2843 dueellantur,
968 2752 1079 2847 levat,
1102 2753 1238 2852 absque
1258 2753 1330 2828 hoc

267 2873 365 2971 quod
380 2875 509 2946 iterum
522 2872 585 2945 illo
595 2892 693 2943 novo
705 2883 742 2942 et
752 2893 909 2942 oneroso
918 2869 1078 2966 vectigali
1093 2883 1326 2968 premeretur.

270 2989 430 3062 Vidimus
449 2989 516 3088 ipsi
536 2987 741 3086 frequenter
759 3010 827 3085 pro
843 2984 958 3058 cauda
974 2986 1049 3058 vini
1066 2985 1156 3059 solvi
1174 3011 1254 3080 sex,
1274 2987 1330 3060 vel

267 3119 419 3204 septem,
448 3104 504 3178 vel
527 3119 610 3177 octo
634 3103 793 3194 francos,
820 3126 889 3199 pro
907 3101 1099 3200 quadrimo
1119 3128 1180 3176 seu
1200 3118 1330 3200 quarte

266 3215 428 3309 denario,
447 3241 531 3290 cum
547 3218 584 3288 in
598 3217 680 3288 loco
694 3215 792 3289 unde
807 3216 891 3290 vina
906 3231 1027 3314 empta
1043 3216 1242 3288 etadvecta
1258 3217 1332 3290 sue-

265 3350 364 3429 rant,
383 3335 500 3408 cauda
515 3334 590 3406 vini
606 3333 713 3429 longe
730 3335 869 3406 minore
883 3335 998 3432 pretio
1015 3333 1242 3407 venderetur.
1261 3333 1331 3406 Sed

266 3449 380 3522 nihilo
404 3451 502 3524 illam
527 3449 648 3548 patriae
673 3473 744 3522 suae
770 3463 807 3521 et
829 3449 957 3550 populi
985 3449 1146 3546 ejusdem
1169 3449 1331 3548 inopiam

266 3567 347 3663 pius
363 3591 425 3639 rex
441 3568 644 3656 miseratus,
663 3590 731 3664 pro
748 3565 826 3637 solo
843 3579 947 3658 nutu,
968 3566 1148 3665 prioribus
1162 3567 1246 3638 satis
1262 3568 1330 3638 im-

268 3681 434 3755 manibus
465 3683 537 3754 hoc
573 3683 681 3756 etiam
717 3706 856 3754 novum
885 3679 1156 3754 Pontis-Archa
1181 3681 1331 3778 vectigal

266 3794 407 3892 adjecit.
425 3803 608 3885 Quocum
627 3799 762 3896 gravati
780 3796 931 3868 nimium
948 3811 982 3870 et
999 3798 1157 3870 deterriti
1173 3798 1332 3895 negotia-

265 3925 375 4007 tores,
395 3915 543 3988 flumine
560 3930 596 3988 et
611 3913 848 4011 navigationis
865 3913 1122 3988 commoditate
1139 3914 1328 4004 derelictis,

265 4030 521 4104 curribusvina
534 4031 711 4105 advehere
724 4031 844 4129 potius
853 4029 1043 4129 eligerent,
1058 4045 1095 4103 et
1105 4057 1171 4131 per
1183 4045 1328 4122 terram,

304 4203 336 4264 l.
353 4187 421 4260 lidit
435 4199 486 4278 qui
497 4217 621 4277 manque
634 4199 727 4272 aussi;
745 4199 817 4258 mais
832 4219 872 4260 on
885 4201 940 4260 salt
953 4201 1023 4280 qu’il
1037 4201 1082 4260 sut
1093 4201 1191 4262 notifie
1206 4205 1222 4259 t
1236 4201 1330 4263 l’Uni·

265 4290 370 4352 versite‘
383 4309 421 4352 en
433 4290 497 4366 juin
511 4291 601 4350 tlte.
616 4288 783 4366 Duboulay,
798 4294 874 4352 Hist.
891 4293 974 4352 Ueia.
990 4295 1085 4352 Paris.
1108 4295 1143 4366 V,
1159 4295 1228 4352 665.
