<?xml version="1.0" encoding="UTF-8"?>
<!DOCTYPE html PUBLIC "-//W3C//DTD XHTML 1.0 Transitional//EN"
    "http://www.w3.org/TR/xhtml1/DTD/xhtml1-transitional.dtd">
<html xmlns="http://www.w3.org/1999/xhtml" xml:lang="en" lang="en">
 <head>
  <title>
</title>
<meta http-equiv="Content-Type" content="text/html;charset=utf-8" />
  <meta name='ocr-system' content='tesseract 3.04.00' />
  <meta name='ocr-capabilities' content='ocr_page ocr_carea ocr_par ocr_line ocrx_word'/>
</head>
<body>
  <div class='ocr_page' id='page_1' title='image "./histoiredesrgne02amelgoog_0130.png"; bbox 0 0 3402 5186; ppageno 0'>
   <div class='ocr_carea' id='block_1_1' title="bbox 652 445 1321 556">
    <p class='ocr_par' dir='ltr' id='par_1_1' title="bbox 652 445 1321 556">
     <span class='ocr_line' id='line_1_1' title="bbox 652 445 1321 556; baseline 0.006 -4"><span class='ocrx_word' id='word_1_1' title='bbox 652 495 761 552; x_wconf 82' lang='lat' dir='ltr'>LIBER</span> <span class='ocrx_word' id='word_1_2' title='bbox 780 494 929 556; x_wconf 82' lang='lat' dir='ltr'><strong>PRIMUS.</strong></span> <span class='ocrx_word' id='word_1_3' title='bbox 1277 445 1321 556; x_wconf 62' lang='lat' dir='ltr'>bb</span> 
     </span>
    </p>
   </div>
   <div class='ocr_carea' id='block_1_2' title="bbox 252 624 1324 2354">
    <p class='ocr_par' dir='ltr' id='par_1_2' title="bbox 252 624 1324 2354">
     <span class='ocr_line' id='line_1_2' title="bbox 260 624 1323 724; baseline 0 -24"><span class='ocrx_word' id='word_1_4' title='bbox 260 641 296 700; x_wconf 89' lang='lat' dir='ltr'>et</span> <span class='ocrx_word' id='word_1_5' title='bbox 318 624 430 700; x_wconf 85' lang='lat' dir='ltr'>divini</span> <span class='ocrx_word' id='word_1_6' title='bbox 450 640 559 723; x_wconf 88' lang='lat' dir='ltr'>atque</span> <span class='ocrx_word' id='word_1_7' title='bbox 578 625 727 698; x_wconf 88' lang='lat' dir='ltr'>bumani</span> <span class='ocrx_word' id='word_1_8' title='bbox 745 627 835 724; x_wconf 91' lang='lat' dir='ltr'>juris</span> <span class='ocrx_word' id='word_1_9' title='bbox 854 626 984 724; x_wconf 84' lang='lat' dir='ltr'>ignari,</span> <span class='ocrx_word' id='word_1_10' title='bbox 1004 625 1089 698; x_wconf 87' lang='lat' dir='ltr'>solis</span> <span class='ocrx_word' id='word_1_11' title='bbox 1105 625 1323 724; x_wconf 83' lang='lat' dir='ltr'>quibusdam</span> 
     </span>
     <span class='ocr_line' id='line_1_3' title="bbox 260 729 1323 840; baseline 0 -26"><span class='ocrx_word' id='word_1_12' title='bbox 260 740 581 815; x_wconf 89' lang='lat' dir='ltr'>consuetudinibus</span> <span class='ocrx_word' id='word_1_13' title='bbox 592 729 763 815; x_wconf 83' lang='lat' dir='ltr'>et&#39;usihus</span> <span class='ocrx_word' id='word_1_14' title='bbox 774 743 966 816; x_wconf 79' lang='lat' dir='ltr'><strong>innitentes</strong></span> <span class='ocrx_word' id='word_1_15' title='bbox 983 742 1087 840; x_wconf 89' lang='lat' dir='ltr'>(quas</span> <span class='ocrx_word' id='word_1_16' title='bbox 1104 757 1223 814; x_wconf 90' lang='lat' dir='ltr'>tamen</span> <span class='ocrx_word' id='word_1_17' title='bbox 1238 767 1323 815; x_wconf 91' lang='lat' dir='ltr'>con·</span> 
     </span>
     <span class='ocr_line' id='line_1_4' title="bbox 259 858 1322 958; baseline 0 -26"><span class='ocrx_word' id='word_1_18' title='bbox 259 858 467 932; x_wconf 88' lang='lat' dir='ltr'>suetudines</span> <span class='ocrx_word' id='word_1_19' title='bbox 490 858 709 956; x_wconf 76' lang='lat' dir='ltr'>frequentius</span> <span class='ocrx_word' id='word_1_20' title='bbox 733 860 769 930; x_wconf 93' lang='lat' dir='ltr'>in</span> <span class='ocrx_word' id='word_1_21' title='bbox 791 860 982 958; x_wconf 90' lang='lat' dir='ltr'>pessimum</span> <span class='ocrx_word' id='word_1_22' title='bbox 1008 874 1043 931; x_wconf 85' lang='lat' dir='ltr'>et</span> <span class='ocrx_word' id='word_1_23' title='bbox 1067 860 1322 958; x_wconf 90' lang='lat' dir='ltr'>perniciosissi-</span> 
     </span>
     <span class='ocr_line' id='line_1_5' title="bbox 260 974 1319 1074; baseline 0.001 -28"><span class='ocrx_word' id='word_1_24' title='bbox 260 999 360 1047; x_wconf 91' lang='lat' dir='ltr'>mum</span> <span class='ocrx_word' id='word_1_25' title='bbox 376 974 529 1048; x_wconf 88' lang='lat' dir='ltr'>abusum</span> <span class='ocrx_word' id='word_1_26' title='bbox 547 974 779 1073; x_wconf 84' lang='lat' dir='ltr'>detorquent,</span> <span class='ocrx_word' id='word_1_27' title='bbox 799 990 923 1063; x_wconf 75' lang='lat' dir='ltr'>utens,</span> <span class='ocrx_word' id='word_1_28' title='bbox 944 989 1053 1074; x_wconf 86' lang='lat' dir='ltr'>prout</span> <span class='ocrx_word' id='word_1_29' title='bbox 1072 1001 1137 1048; x_wconf 93' lang='lat' dir='ltr'>suo</span> <span class='ocrx_word' id='word_1_30' title='bbox 1154 976 1319 1073; x_wconf 68' lang='lat' dir='ltr'>quaestui,</span> 
     </span>
     <span class='ocr_line' id='line_1_6' title="bbox 259 1089 1323 1190; baseline 0.004 -30"><span class='ocrx_word' id='word_1_31' title='bbox 259 1091 318 1162; x_wconf 88' lang='lat' dir='ltr'>cui</span> <span class='ocrx_word' id='word_1_32' title='bbox 332 1115 473 1190; x_wconf 82' lang='lat' dir='ltr'><strong>semper</strong></span> <span class='ocrx_word' id='word_1_33' title='bbox 486 1089 636 1180; x_wconf 89' lang='lat' dir='ltr'>inhiant,</span> <span class='ocrx_word' id='word_1_34' title='bbox 652 1089 824 1162; x_wconf 87' lang='lat' dir='ltr'>inducere</span> <span class='ocrx_word' id='word_1_35' title='bbox 836 1089 1065 1182; x_wconf 84' lang='lat' dir='ltr'>arbitrantur,</span> <span class='ocrx_word' id='word_1_36' title='bbox 1081 1092 1220 1188; x_wconf 84' lang='lat' dir='ltr'>fingunt</span> <span class='ocrx_word' id='word_1_37' title='bbox 1231 1113 1323 1190; x_wconf 76' lang='lat' dir='ltr'>saepe</span> 
     </span>
     <span class='ocr_line' id='line_1_7' title="bbox 252 1205 1324 1306; baseline -0.001 -27"><span class='ocrx_word' id='word_1_38' title='bbox 252 1219 368 1302; x_wconf 88' lang='lat' dir='ltr'>atque</span> <span class='ocrx_word' id='word_1_39' title='bbox 389 1205 585 1302; x_wconf 85' lang='lat' dir='ltr'>refingunt,</span> <span class='ocrx_word' id='word_1_40' title='bbox 611 1205 772 1305; x_wconf 88' lang='lat' dir='ltr'>pessimis</span> <span class='ocrx_word' id='word_1_41' title='bbox 795 1231 854 1278; x_wconf 85' lang='lat' dir='ltr'>eus</span> <span class='ocrx_word' id='word_1_42' title='bbox 877 1207 1227 1306; x_wconf 68' lang='lat' dir='ltr'>interpretationibus</span> <span class='ocrx_word' id='word_1_43' title='bbox 1244 1232 1324 1280; x_wconf 87' lang='lat' dir='ltr'>cur·</span> 
     </span>
     <span class='ocr_line' id='line_1_8' title="bbox 261 1321 1324 1422; baseline 0.001 -30"><span class='ocrx_word' id='word_1_44' title='bbox 261 1323 497 1421; x_wconf 86' lang='lat' dir='ltr'>rumpentes),</span> <span class='ocrx_word' id='word_1_45' title='bbox 516 1324 625 1400; x_wconf 87' lang='lat' dir='ltr'>totius</span> <span class='ocrx_word' id='word_1_46' title='bbox 640 1347 739 1421; x_wconf 85' lang='lat' dir='ltr'>paene</span> <span class='ocrx_word' id='word_1_47' title='bbox 754 1323 876 1422; x_wconf 87' lang='lat' dir='ltr'>patriae</span> <span class='ocrx_word' id='word_1_48' title='bbox 888 1323 1043 1418; x_wconf 85' lang='lat' dir='ltr'>regimen</span> <span class='ocrx_word' id='word_1_49' title='bbox 1060 1321 1324 1422; x_wconf 87' lang='lat' dir='ltr'>amplectuntur</span> 
     </span>
     <span class='ocr_line' id='line_1_9' title="bbox 261 1437 1324 1537; baseline -0.001 -27"><span class='ocrx_word' id='word_1_50' title='bbox 261 1453 297 1510; x_wconf 89' lang='lat' dir='ltr'>et</span> <span class='ocrx_word' id='word_1_51' title='bbox 310 1438 508 1537; x_wconf 90' lang='lat' dir='ltr'>possident,</span> <span class='ocrx_word' id='word_1_52' title='bbox 523 1439 573 1511; x_wconf 92' lang='lat' dir='ltr'>ita</span> <span class='ocrx_word' id='word_1_53' title='bbox 589 1437 687 1536; x_wconf 92' lang='lat' dir='ltr'>quod</span> <span class='ocrx_word' id='word_1_54' title='bbox 705 1441 781 1510; x_wconf 94' lang='lat' dir='ltr'>non</span> <span class='ocrx_word' id='word_1_55' title='bbox 801 1452 854 1510; x_wconf 91' lang='lat' dir='ltr'>est</span> <span class='ocrx_word' id='word_1_56' title='bbox 868 1452 939 1510; x_wconf 88' lang='lat' dir='ltr'>tam</span> <span class='ocrx_word' id='word_1_57' title='bbox 956 1463 1091 1534; x_wconf 79' lang='lat' dir='ltr'>magnae</span> <span class='ocrx_word' id='word_1_58' title='bbox 1105 1439 1324 1520; x_wconf 80' lang='lat' dir='ltr'>auctoritatis</span> 
     </span>
     <span class='ocr_line' id='line_1_10' title="bbox 260 1553 1323 1654; baseline 0.003 -30"><span class='ocrx_word' id='word_1_59' title='bbox 260 1554 450 1651; x_wconf 92' lang='lat' dir='ltr'>quisquam</span> <span class='ocrx_word' id='word_1_60' title='bbox 462 1553 626 1654; x_wconf 86' lang='lat' dir='ltr'>praelatus</span> <span class='ocrx_word' id='word_1_61' title='bbox 640 1567 701 1626; x_wconf 87' lang='lat' dir='ltr'>aut</span> <span class='ocrx_word' id='word_1_62' title='bbox 714 1553 857 1646; x_wconf 87' lang='lat' dir='ltr'>nobilis,</span> <span class='ocrx_word' id='word_1_63' title='bbox 872 1555 1022 1652; x_wconf 91' lang='lat' dir='ltr'>quinon</span> <span class='ocrx_word' id='word_1_64' title='bbox 1037 1580 1179 1628; x_wconf 88' lang='lat' dir='ltr'>necesse</span> <span class='ocrx_word' id='word_1_65' title='bbox 1193 1554 1323 1630; x_wconf 83' lang='lat' dir='ltr'>lrabeat</span> 
     </span>
     <span class='ocr_line' id='line_1_11' title="bbox 260 1653 1323 1767; baseline 0 -25"><span class='ocrx_word' id='word_1_66' title='bbox 260 1669 395 1742; x_wconf 90' lang='lat' dir='ltr'>eisdem</span> <span class='ocrx_word' id='word_1_67' title='bbox 423 1669 551 1767; x_wconf 89' lang='lat' dir='ltr'>subjici</span> <span class='ocrx_word' id='word_1_68' title='bbox 576 1669 795 1767; x_wconf 89' lang='lat' dir='ltr'>eosdemque</span> <span class='ocrx_word' id='word_1_69' title='bbox 819 1671 945 1742; x_wconf 86' lang='lat' dir='ltr'>vereri.</span> <span class='ocrx_word' id='word_1_70' title='bbox 975 1675 1026 1742; x_wconf 88' lang='lat' dir='ltr'>lta</span> <span class='ocrx_word' id='word_1_71' title='bbox 1048 1672 1143 1744; x_wconf 89' lang='lat' dir='ltr'>enim</span> <span class='ocrx_word' id='word_1_72' title='bbox 1169 1653 1323 1743; x_wconf 89' lang='lat' dir='ltr'>invicem</span> 
     </span>
     <span class='ocr_line' id='line_1_12' title="bbox 260 1785 1323 1884; baseline 0.001 -27"><span class='ocrx_word' id='word_1_73' title='bbox 260 1785 416 1883; x_wconf 84' lang='lat' dir='ltr'>colbgati</span> <span class='ocrx_word' id='word_1_74' title='bbox 434 1801 564 1859; x_wconf 88' lang='lat' dir='ltr'>suntet</span> <span class='ocrx_word' id='word_1_75' title='bbox 578 1787 739 1860; x_wconf 80' lang='lat' dir='ltr'>foederati</span> <span class='ocrx_word' id='word_1_76' title='bbox 754 1801 807 1878; x_wconf 91' lang='lat' dir='ltr'>ut,</span> <span class='ocrx_word' id='word_1_77' title='bbox 828 1788 889 1884; x_wconf 88' lang='lat' dir='ltr'>qui</span> <span class='ocrx_word' id='word_1_78' title='bbox 905 1812 1017 1858; x_wconf 92' lang='lat' dir='ltr'>unum</span> <span class='ocrx_word' id='word_1_79' title='bbox 1035 1788 1158 1884; x_wconf 84' lang='lat' dir='ltr'>tangit,</span> <span class='ocrx_word' id='word_1_80' title='bbox 1179 1801 1323 1858; x_wconf 76' lang='lat' dir='ltr'>caeteros</span> 
     </span>
     <span class='ocr_line' id='line_1_13' title="bbox 261 1893 1322 2005; baseline 0.003 -30"><span class='ocrx_word' id='word_1_81' title='bbox 261 1927 387 1976; x_wconf 90' lang='lat' dir='ltr'>omnes</span> <span class='ocrx_word' id='word_1_82' title='bbox 409 1893 561 2000; x_wconf 85' lang='lat' dir='ltr'>tetigisse</span> <span class='ocrx_word' id='word_1_83' title='bbox 582 1911 741 2005; x_wconf 84' lang='lat' dir='ltr'>putetur.</span> <span class='ocrx_word' id='word_1_84' title='bbox 765 1906 886 1977; x_wconf 88' lang='lat' dir='ltr'>Totius</span> <span class='ocrx_word' id='word_1_85' title='bbox 907 1906 1027 2005; x_wconf 80' lang='lat' dir='ltr'>patriae</span> <span class='ocrx_word' id='word_1_86' title='bbox 1047 1905 1238 1978; x_wconf 86' lang='lat' dir='ltr'>tribunalia</span> <span class='ocrx_word' id='word_1_87' title='bbox 1255 1929 1322 1978; x_wconf 89' lang='lat' dir='ltr'>suo</span> 
     </span>
     <span class='ocr_line' id='line_1_14' title="bbox 260 2019 1322 2120; baseline 0.001 -30"><span class='ocrx_word' id='word_1_88' title='bbox 260 2033 387 2116; x_wconf 84' lang='lat' dir='ltr'>regunt</span> <span class='ocrx_word' id='word_1_89' title='bbox 400 2019 560 2114; x_wconf 87' lang='lat' dir='ltr'>arbitrio,</span> <span class='ocrx_word' id='word_1_90' title='bbox 577 2037 613 2092; x_wconf 93' lang='lat' dir='ltr'>et</span> <span class='ocrx_word' id='word_1_91' title='bbox 626 2046 694 2120; x_wconf 88' lang='lat' dir='ltr'>pro</span> <span class='ocrx_word' id='word_1_92' title='bbox 711 2020 788 2092; x_wconf 88' lang='lat' dir='ltr'>aliis</span> <span class='ocrx_word' id='word_1_93' title='bbox 801 2021 951 2093; x_wconf 88' lang='lat' dir='ltr'>statibus</span> <span class='ocrx_word' id='word_1_94' title='bbox 966 2023 1100 2119; x_wconf 84' lang='lat' dir='ltr'>patriae,</span> <span class='ocrx_word' id='word_1_95' title='bbox 1119 2022 1156 2093; x_wconf 95' lang='lat' dir='ltr'>in</span> <span class='ocrx_word' id='word_1_96' title='bbox 1172 2019 1322 2120; x_wconf 84' lang='lat' dir='ltr'>publicis</span> 
     </span>
     <span class='ocr_line' id='line_1_15' title="bbox 258 2133 1322 2237; baseline 0.002 -27"><span class='ocrx_word' id='word_1_97' title='bbox 258 2138 559 2211; x_wconf 84' lang='lat' dir='ltr'>conventionibus</span> <span class='ocrx_word' id='word_1_98' title='bbox 583 2140 765 2232; x_wconf 89' lang='lat' dir='ltr'>Statuum,</span> <span class='ocrx_word' id='word_1_99' title='bbox 792 2138 858 2211; x_wconf 92' lang='lat' dir='ltr'>soli</span> <span class='ocrx_word' id='word_1_100' title='bbox 883 2165 984 2237; x_wconf 84' lang='lat' dir='ltr'>poene</span> <span class='ocrx_word' id='word_1_101' title='bbox 1009 2139 1054 2212; x_wconf 86' lang='lat' dir='ltr'>ad</span> <span class='ocrx_word' id='word_1_102' title='bbox 1079 2133 1226 2232; x_wconf 86' lang='lat' dir='ltr'>nutum,</span> <span class='ocrx_word' id='word_1_103' title='bbox 1245 2140 1322 2212; x_wconf 88' lang='lat' dir='ltr'>vice</span> 
     </span>
     <span class='ocr_line' id='line_1_16' title="bbox 258 2254 1231 2354; baseline -0.001 -26"><span class='ocrx_word' id='word_1_104' title='bbox 258 2255 368 2328; x_wconf 85' lang='lat' dir='ltr'>totius</span> <span class='ocrx_word' id='word_1_105' title='bbox 385 2255 525 2354; x_wconf 82' lang='lat' dir='ltr'>patriae,</span> <span class='ocrx_word' id='word_1_106' title='bbox 544 2255 743 2330; x_wconf 86' lang='lat' dir='ltr'>decernunt</span> <span class='ocrx_word' id='word_1_107' title='bbox 758 2254 857 2353; x_wconf 92' lang='lat' dir='ltr'>quod</span> <span class='ocrx_word' id='word_1_108' title='bbox 873 2254 960 2328; x_wconf 88' lang='lat' dir='ltr'>libet</span> <span class='ocrx_word' id='word_1_109' title='bbox 975 2271 1010 2328; x_wconf 91' lang='lat' dir='ltr'>et</span> <span class='ocrx_word' id='word_1_110' title='bbox 1025 2256 1231 2332; x_wconf 86' lang='lat' dir='ltr'>excludunt.</span> 
     </span>
    </p>
   </div>
   <div class='ocr_carea' id='block_1_3' title="bbox 623 2594 948 2706">
    <p class='ocr_par' dir='ltr' id='par_1_3' title="bbox 623 2594 948 2706">
     <span class='ocr_line' id='line_1_17' title="bbox 623 2594 948 2706; baseline -0.012 -40"><span class='ocrx_word' id='word_1_111' title='bbox 623 2594 880 2668; x_wconf 81' lang='lat' dir='ltr'><strong>CAPITULUM</strong></span> <span class='ocrx_word' id='word_1_112' title='bbox 896 2596 948 2706; x_wconf 85' lang='lat' dir='ltr'>¹X.</span> 
     </span>
    </p>
   </div>
   <div class='ocr_carea' id='block_1_4' title="bbox 256 2779 1318 3022">
    <p class='ocr_par' dir='ltr' id='par_1_4' title="bbox 256 2779 1318 3022">
     <span class='ocr_line' id='line_1_18' title="bbox 256 2779 1318 2860; baseline -0.003 -17"><span class='ocrx_word' id='word_1_113' title='bbox 256 2791 294 2843; x_wconf 77' lang='lat' dir='ltr'>De</span> <span class='ocrx_word' id='word_1_114' title='bbox 304 2789 481 2846; x_wconf 79' lang='lat' dir='ltr'>conventione</span> <span class='ocrx_word' id='word_1_115' title='bbox 492 2789 613 2844; x_wconf 78' lang='lat' dir='ltr'>Statuam</span> <span class='ocrx_word' id='word_1_116' title='bbox 621 2785 764 2860; x_wconf 71' lang='lat' dir='ltr'>provincia</span> <span class='ocrx_word' id='word_1_117' title='bbox 771 2779 901 2858; x_wconf 87' lang='lat' dir='ltr'>ejusdem,</span> <span class='ocrx_word' id='word_1_118' title='bbox 911 2796 937 2836; x_wconf 85' lang='lat' dir='ltr'>et</span> <span class='ocrx_word' id='word_1_119' title='bbox 947 2782 1078 2856; x_wconf 78' lang='lat' dir='ltr'>legatione</span> <span class='ocrx_word' id='word_1_120' title='bbox 1087 2783 1165 2838; x_wconf 82' lang='lat' dir='ltr'>missa</span> <span class='ocrx_word' id='word_1_121' title='bbox 1179 2781 1215 2837; x_wconf 87' lang='lat' dir='ltr'>ad</span> <span class='ocrx_word' id='word_1_122' title='bbox 1230 2802 1318 2858; x_wconf 79' lang='lat' dir='ltr'>regem</span> 
     </span>
     <span class='ocr_line' id='line_1_19' title="bbox 289 2861 1318 2940; baseline -0.005 -16"><span class='ocrx_word' id='word_1_123' title='bbox 289 2869 480 2940; x_wconf 74' lang='lat' dir='ltr'>sanissimaque</span> <span class='ocrx_word' id='word_1_124' title='bbox 497 2866 667 2921; x_wconf 83' lang='lat' dir='ltr'>exsultatione</span> <span class='ocrx_word' id='word_1_125' title='bbox 680 2864 775 2938; x_wconf 87' lang='lat' dir='ltr'>populi</span> <span class='ocrx_word' id='word_1_126' title='bbox 790 2862 952 2938; x_wconf 74' lang='lat' dir='ltr'>provinciae,</span> <span class='ocrx_word' id='word_1_127' title='bbox 972 2863 1014 2918; x_wconf 80' lang='lat' dir='ltr'>vel</span> <span class='ocrx_word' id='word_1_128' title='bbox 1030 2861 1111 2933; x_wconf 90' lang='lat' dir='ltr'>dolo,</span> <span class='ocrx_word' id='word_1_129' title='bbox 1129 2864 1170 2918; x_wconf 85' lang='lat' dir='ltr'>vel</span> <span class='ocrx_word' id='word_1_130' title='bbox 1187 2863 1318 2938; x_wconf 76' lang='lat' dir='ltr'>imperitia</span> 
     </span>
     <span class='ocr_line' id='line_1_20' title="bbox 290 2945 746 3022; baseline -0.004 -19"><span class='ocrx_word' id='word_1_131' title='bbox 290 2969 399 3004; x_wconf 77' lang='lat' dir='ltr'>suorum</span> <span class='ocrx_word' id='word_1_132' title='bbox 408 2950 554 3022; x_wconf 85' lang='lat' dir='ltr'>legatorum</span> <span class='ocrx_word' id='word_1_133' title='bbox 564 2945 746 3002; x_wconf 82' lang='lat' dir='ltr'>circumventi.</span> 
     </span>
    </p>
   </div>
   <div class='ocr_carea' id='block_1_5' title="bbox 253 3120 1317 3922">
    <p class='ocr_par' dir='ltr' id='par_1_5' title="bbox 253 3120 1317 3922">
     <span class='ocr_line' id='line_1_21' title="bbox 303 3120 1315 3226; baseline -0.004 -28"><span class='ocrx_word' id='word_1_134' title='bbox 303 3133 347 3206; x_wconf 85' lang='lat' dir='ltr'>Et</span> <span class='ocrx_word' id='word_1_135' title='bbox 359 3129 443 3226; x_wconf 89' lang='lat' dir='ltr'>quia</span> <span class='ocrx_word' id='word_1_136' title='bbox 456 3125 522 3199; x_wconf 89' lang='lat' dir='ltr'>sibi</span> <span class='ocrx_word' id='word_1_137' title='bbox 535 3127 651 3226; x_wconf 88' lang='lat' dir='ltr'>perire</span> <span class='ocrx_word' id='word_1_138' title='bbox 662 3123 811 3221; x_wconf 91' lang='lat' dir='ltr'>tollique</span> <span class='ocrx_word' id='word_1_139' title='bbox 828 3137 996 3221; x_wconf 88' lang='lat' dir='ltr'>reputant</span> <span class='ocrx_word' id='word_1_140' title='bbox 1010 3120 1187 3220; x_wconf 91' lang='lat' dir='ltr'>quidquid</span> <span class='ocrx_word' id='word_1_141' title='bbox 1199 3121 1315 3194; x_wconf 90' lang='lat' dir='ltr'>litium</span> 
     </span>
     <span class='ocr_line' id='line_1_22' title="bbox 256 3240 1316 3343; baseline -0.005 -26"><span class='ocrx_word' id='word_1_142' title='bbox 256 3269 518 3343; x_wconf 89' lang='lat' dir='ltr'>causarumque</span> <span class='ocrx_word' id='word_1_143' title='bbox 533 3268 554 3315; x_wconf 92' lang='lat' dir='ltr'>e</span> <span class='ocrx_word' id='word_1_144' title='bbox 570 3245 642 3315; x_wconf 89' lang='lat' dir='ltr'>suis</span> <span class='ocrx_word' id='word_1_145' title='bbox 660 3241 811 3316; x_wconf 89' lang='lat' dir='ltr'>elabitur</span> <span class='ocrx_word' id='word_1_146' title='bbox 828 3240 1011 3334; x_wconf 89' lang='lat' dir='ltr'>manibus,</span> <span class='ocrx_word' id='word_1_147' title='bbox 1030 3241 1076 3314; x_wconf 90' lang='lat' dir='ltr'>ad</span> <span class='ocrx_word' id='word_1_148' title='bbox 1092 3241 1230 3338; x_wconf 87' lang='lat' dir='ltr'>aliaque</span> <span class='ocrx_word' id='word_1_149' title='bbox 1248 3242 1316 3312; x_wconf 90' lang='lat' dir='ltr'>tri·</span> 
     </span>
     <span class='ocr_line' id='line_1_23' title="bbox 254 3356 1316 3457; baseline -0.003 -26"><span class='ocrx_word' id='word_1_150' title='bbox 254 3358 399 3434; x_wconf 87' lang='lat' dir='ltr'>bunalia</span> <span class='ocrx_word' id='word_1_151' title='bbox 416 3359 576 3433; x_wconf 88' lang='lat' dir='ltr'>defertur</span> <span class='ocrx_word' id='word_1_152' title='bbox 590 3383 699 3457; x_wconf 88' lang='lat' dir='ltr'>quam</span> <span class='ocrx_word' id='word_1_153' title='bbox 717 3362 776 3431; x_wconf 89' lang='lat' dir='ltr'>ea¹</span> <span class='ocrx_word' id='word_1_154' title='bbox 790 3357 976 3455; x_wconf 86' lang='lat' dir='ltr'>iu‘quibus</span> <span class='ocrx_word' id='word_1_155' title='bbox 993 3357 1172 3429; x_wconf 88' lang='lat' dir='ltr'>ordinarie</span> <span class='ocrx_word' id='word_1_156' title='bbox 1188 3356 1316 3430; x_wconf 86' lang='lat' dir='ltr'>obver-</span> 
     </span>
     <span class='ocr_line' id='line_1_24' title="bbox 253 3471 1316 3572; baseline -0.001 -24"><span class='ocrx_word' id='word_1_157' title='bbox 253 3477 323 3548; x_wconf 87' lang='lat' dir='ltr'>sari</span> <span class='ocrx_word' id='word_1_158' title='bbox 339 3478 474 3567; x_wconf 91' lang='lat' dir='ltr'>solent,</span> <span class='ocrx_word' id='word_1_159' title='bbox 489 3500 619 3572; x_wconf 78' lang='lat' dir='ltr'>magna</span> <span class='ocrx_word' id='word_1_160' title='bbox 636 3473 796 3546; x_wconf 86' lang='lat' dir='ltr'>feruntur</span> <span class='ocrx_word' id='word_1_161' title='bbox 808 3498 948 3572; x_wconf 89' lang='lat' dir='ltr'>semper</span> <span class='ocrx_word' id='word_1_162' title='bbox 962 3471 1096 3544; x_wconf 89' lang='lat' dir='ltr'>invidia</span> <span class='ocrx_word' id='word_1_163' title='bbox 1110 3486 1215 3570; x_wconf 90' lang='lat' dir='ltr'>atque</span> <span class='ocrx_word' id='word_1_164' title='bbox 1230 3472 1316 3547; x_wconf 88' lang='lat' dir='ltr'>odio</span> 
     </span>
     <span class='ocr_line' id='line_1_25' title="bbox 253 3588 1316 3690; baseline -0.001 -25"><span class='ocrx_word' id='word_1_165' title='bbox 253 3591 423 3666; x_wconf 86' lang='lat' dir='ltr'>adversus</span> <span class='ocrx_word' id='word_1_166' title='bbox 437 3592 627 3664; x_wconf 89' lang='lat' dir='ltr'>officiarios</span> <span class='ocrx_word' id='word_1_167' title='bbox 639 3589 855 3678; x_wconf 80' lang='lat' dir='ltr'>tributorum</span> <span class='ocrx_word' id='word_1_168' title='bbox 865 3588 1105 3687; x_wconf 83' lang='lat' dir='ltr'>publicorum,</span> <span class='ocrx_word' id='word_1_169' title='bbox 1120 3591 1182 3690; x_wconf 82' lang='lat' dir='ltr'>qui</span> <span class='ocrx_word' id='word_1_170' title='bbox 1192 3613 1316 3664; x_wconf 84' lang='lat' dir='ltr'>causas</span> 
     </span>
     <span class='ocr_line' id='line_1_26' title="bbox 253 3703 1317 3806; baseline -0.002 -26"><span class='ocrx_word' id='word_1_171' title='bbox 253 3723 289 3780; x_wconf 88' lang='lat' dir='ltr'>et</span> <span class='ocrx_word' id='word_1_172' title='bbox 299 3709 511 3806; x_wconf 65' lang='lat' dir='ltr'>quaestiones</span> <span class='ocrx_word' id='word_1_173' title='bbox 520 3733 627 3806; x_wconf 89' lang='lat' dir='ltr'>super</span> <span class='ocrx_word' id='word_1_174' title='bbox 636 3704 843 3804; x_wconf 90' lang='lat' dir='ltr'>hujusmodi</span> <span class='ocrx_word' id='word_1_175' title='bbox 853 3703 991 3777; x_wconf 88' lang='lat' dir='ltr'>tributis</span> <span class='ocrx_word' id='word_1_176' title='bbox 1000 3704 1157 3799; x_wconf 88' lang='lat' dir='ltr'>obortas,</span> <span class='ocrx_word' id='word_1_177' title='bbox 1171 3706 1317 3778; x_wconf 90' lang='lat' dir='ltr'>minime</span> 
     </span>
     <span class='ocr_line' id='line_1_27' title="bbox 253 3822 1317 3922; baseline -0.005 -23"><span class='ocrx_word' id='word_1_178' title='bbox 253 3826 299 3899; x_wconf 86' lang='lat' dir='ltr'>ad</span> <span class='ocrx_word' id='word_1_179' title='bbox 325 3824 506 3898; x_wconf 89' lang='lat' dir='ltr'>ordinaria</span> <span class='ocrx_word' id='word_1_180' title='bbox 525 3825 679 3922; x_wconf 88' lang='lat' dir='ltr'>judicia,</span> <span class='ocrx_word' id='word_1_181' title='bbox 705 3823 768 3896; x_wconf 91' lang='lat' dir='ltr'>sed</span> <span class='ocrx_word' id='word_1_182' title='bbox 788 3847 912 3896; x_wconf 87' lang='lat' dir='ltr'>eoram</span> <span class='ocrx_word' id='word_1_183' title='bbox 934 3847 971 3894; x_wconf 91' lang='lat' dir='ltr'>se</span> <span class='ocrx_word' id='word_1_184' title='bbox 994 3823 1164 3896; x_wconf 87' lang='lat' dir='ltr'>duntaxat</span> <span class='ocrx_word' id='word_1_185' title='bbox 1185 3822 1317 3894; x_wconf 88' lang='lat' dir='ltr'>deduci</span> 
     </span>
    </p>
   </div>
   <div class='ocr_carea' id='block_1_6' title="bbox 137 3938 1316 4041">
    <p class='ocr_par' dir='ltr' id='par_1_6' title="bbox 137 3938 1316 4041">
     <span class='ocr_line' id='line_1_28' title="bbox 137 3938 1316 4041; baseline -0.005 -25"><span class='ocrx_word' id='word_1_186' title='bbox 137 4001 146 4016; x_wconf 94' lang='lat'><strong>.</strong></span> <span class='ocrx_word' id='word_1_187' title='bbox 252 3941 449 4041; x_wconf 85' lang='lat' dir='ltr'>patiuntur.</span> <span class='ocrx_word' id='word_1_188' title='bbox 467 3944 618 4014; x_wconf 82' lang='lat' dir='ltr'>Maxime</span> <span class='ocrx_word' id='word_1_189' title='bbox 633 3944 738 4038; x_wconf 87' lang='lat' dir='ltr'>igitur</span> <span class='ocrx_word' id='word_1_190' title='bbox 752 3938 920 4012; x_wconf 82' lang='lat' dir='ltr'>exverbis</span> <span class='ocrx_word' id='word_1_191' title='bbox 933 3939 1108 4038; x_wconf 85' lang='lat' dir='ltr'>praedictis</span> <span class='ocrx_word' id='word_1_192' title='bbox 1120 3964 1184 4039; x_wconf 88' lang='lat' dir='ltr'>per</span> <span class='ocrx_word' id='word_1_193' title='bbox 1195 3963 1316 4037; x_wconf 85' lang='lat' dir='ltr'>regem</span> 
     </span>
    </p>
   </div>
   <div class='ocr_carea' id='block_1_7' title="bbox 251 4055 1315 4158">
    <p class='ocr_par' dir='ltr' id='par_1_7' title="bbox 251 4055 1315 4158">
     <span class='ocr_line' id='line_1_29' title="bbox 251 4055 1315 4158; baseline -0.004 -26"><span class='ocrx_word' id='word_1_194' title='bbox 251 4060 401 4158; x_wconf 88' lang='lat' dir='ltr'>prolatis</span> <span class='ocrx_word' id='word_1_195' title='bbox 418 4058 642 4132; x_wconf 84' lang='lat' dir='ltr'>exsultabant</span> <span class='ocrx_word' id='word_1_196' title='bbox 657 4074 691 4130; x_wconf 88' lang='lat' dir='ltr'>et</span> <span class='ocrx_word' id='word_1_197' title='bbox 708 4056 917 4129; x_wconf 76' lang='lat' dir='ltr'>laetabantur</span> <span class='ocrx_word' id='word_1_198' title='bbox 933 4056 1049 4155; x_wconf 89' lang='lat' dir='ltr'>quod,</span> <span class='ocrx_word' id='word_1_199' title='bbox 1067 4055 1113 4130; x_wconf 89' lang='lat' dir='ltr'>ad</span> <span class='ocrx_word' id='word_1_200' title='bbox 1133 4056 1315 4156; x_wconf 84' lang='lat' dir='ltr'>sequelam</span> 
     </span>
    </p>
   </div>
   <div class='ocr_carea' id='block_1_8' title="bbox 293 4253 1157 4345">
    <p class='ocr_par' dir='ltr' id='par_1_8' title="bbox 293 4253 1157 4345">
     <span class='ocr_line' id='line_1_30' title="bbox 293 4253 1157 4345; baseline -0.014 -16"><span class='ocrx_word' id='word_1_201' title='bbox 293 4274 321 4329; x_wconf 89' lang='lat' dir='ltr'>l.</span> <span class='ocrx_word' id='word_1_202' title='bbox 346 4272 486 4345; x_wconf 78' lang='lat' dir='ltr'>Quoniam</span> <span class='ocrx_word' id='word_1_203' title='bbox 500 4284 538 4324; x_wconf 89' lang='lat' dir='ltr'>au</span> <span class='ocrx_word' id='word_1_204' title='bbox 551 4263 611 4322; x_wconf 88' lang='lat' dir='ltr'>lieu</span> <span class='ocrx_word' id='word_1_205' title='bbox 624 4262 662 4322; x_wconf 80' lang='lat' dir='ltr'>de</span> <span class='ocrx_word' id='word_1_206' title='bbox 677 4283 761 4339; x_wconf 83' lang='lat' dir='ltr'>quam</span> <span class='ocrx_word' id='word_1_207' title='bbox 775 4283 810 4320; x_wconf 86' lang='lat' dir='ltr'>ea</span> <span class='ocrx_word' id='word_1_208' title='bbox 843 4261 915 4322; x_wconf 86' lang='lat' dir='ltr'>dans</span> <span class='ocrx_word' id='word_1_209' title='bbox 930 4262 958 4322; x_wconf 85' lang='lat' dir='ltr'>le</span> <span class='ocrx_word' id='word_1_210' title='bbox 972 4261 1035 4342; x_wconf 71' lang='lat' dir='ltr'>ms}</span> <span class='ocrx_word' id='word_1_211' title='bbox 1155 4253 1157 4259; x_wconf 70' lang='grc'>’</span> 
     </span>
    </p>
   </div>
   <div class='ocr_carea' id='block_1_9' title="bbox 427 4373 1173 4432">
    <p class='ocr_par' dir='ltr' id='par_1_9' title="bbox 427 4373 1173 4432">
     <span class='ocr_line' id='line_1_31' title="bbox 427 4373 1173 4432; baseline 0.001 -1"><span class='ocrx_word' id='word_1_212' title='bbox 427 4394 455 4432; x_wconf 84' lang='lat'>11</span> <span class='ocrx_word' id='word_1_213' title='bbox 1156 4373 1173 4432; x_wconf 76' lang='lat'><strong>³</strong></span> 
     </span>
    </p>
   </div>
   <div class='ocr_carea' id='block_1_10' title="bbox 0 0 1706 5186">
    <p class='ocr_par' dir='ltr' id='par_1_10' title="bbox 0 0 1706 5186">
     <span class='ocr_line' id='line_1_32' title="bbox 0 0 1706 5186; baseline 0 2"><span class='ocrx_word' id='word_1_214' title='bbox 0 0 1706 5186; x_wconf 95' lang='lat' dir='ltr'> </span> 
     </span>
    </p>
   </div>
  </div>
 </body>
</html>
