3402 5186
660 517 770 577 uultu
788 516 936 573 PRIMUS.
1290 519 1327 573 18

272 643 411 743 cipibus
423 657 458 716 et
472 643 654 717 nobilibus
666 645 702 718 in
724 641 801 744 ipsa
819 647 1012 716 Remorum
1026 643 1167 715 ciuitate
1183 667 1330 716 manen·

272 761 385 849 tibus,
413 784 534 833 versus
553 762 767 833 Parisiorum
789 760 916 832 urbem
944 774 979 830 et
1000 760 1330 856 Sanctum-Diony-

271 880 363 950 sium
385 879 452 949 iter
477 880 624 977 accepit.
652 883 721 950 lter
746 901 830 949 vero
853 877 984 948 iaciens
1009 901 1074 974 per
1098 877 1328 949 Suessionum

270 977 470 1082 civitatem,
494 1009 529 1066 et
550 1018 653 1090 agros
676 992 836 1088 ejusdem
860 1017 902 1064 ex
924 991 1103 1064 ueteribus
1121 1017 1328 1087 guerrarum

270 1109 529 1183 calamitatibus
546 1109 649 1182 valde
672 1108 853 1205 squalidos
879 1109 1065 1180 inveniens
1086 1131 1127 1180 ac
1150 1108 1325 1200 desertos,

270 1225 316 1296 ad
333 1225 461 1297 vallem
478 1230 643 1298 Maternae
657 1225 813 1296 fluminis
828 1222 1117 1320 Meldeusemqne
1133 1224 1325 1314 civitatem,

270 1339 354 1412 inde
370 1365 455 1412 vero
469 1340 516 1412 ad
533 1339 930 1435 Sanctum-Dionysium
947 1341 1014 1410 iter
1028 1339 1173 1412 inflexit.
1194 1341 1328 1426 Quoia

269 1455 350 1526 loco
378 1457 565 1545 exsistens,
595 1456 705 1553 patris
733 1455 787 1526 sui
816 1453 1065 1550 sepulchrum,
1099 1452 1200 1524 nullo
1229 1479 1329 1553 paene

270 1573 432 1670 impenso
449 1571 606 1658 honore,
626 1570 798 1670 inspexit;
827 1569 889 1640 sed
913 1583 948 1639 et
967 1592 1042 1638 non
1067 1593 1195 1666 parum
1219 1572 1328 1668 ipsius

270 1685 510 1758 venerabilem
532 1686 744 1758 memoriam
762 1709 830 1756 nec
848 1681 1076 1756 mediocriter
1100 1698 1212 1756 totam
1229 1688 1328 1782 regui
1406 1775 1409 1780 ¹

270 1823 312 1873 ac
327 1801 522 1873 Delfinatus
537 1799 730 1871 Ecclesiam
747 1799 943 1881 infamavit.

319 1922 401 1991 Erat
416 1919 453 1989 in
471 1919 547 2014 ejus
561 1920 734 1989 comitatu
751 1916 896 2014 quidam
915 1915 1041 2009 Italus,
1063 1915 1252 2015 episcopus
1270 1921 1327 1988 ln·'
1376 1903 1379 1909 ¹

270 2035 501 2106 teramnensis
509 2037 531 2119 ¹,
555 2035 607 2105 Pii
622 2036 744 2132 papae¹
760 2047 911 2104 assertus
927 2031 1063 2129 legatus
1080 2057 1142 2105 seu
1159 2035 1325 2124 nuntius,

269 2152 333 2248 qui
343 2149 451 2248 paulo
466 2163 548 2221 ante
565 2151 601 2220 in
616 2174 727 2246 reguo
746 2147 875 2245 nngtte
890 2147 1015 2222 turbas
1029 2149 1247 2248 populorum
1263 2151 1328 2221 ad·

270 2291 390 2338 versus
405 2267 598 2338 Henricum
613 2291 751 2362 regem,
777 2267 813 2336 in
837 2264 994 2336 savorem
1017 2266 1172 2363 partium
1190 2265 1328 2342 Ebora·
1363 2303 1366 2311 ·

268 2383 381 2454 censis
406 2382 524 2473 ducis,
548 2381 856 2454 vehementissime
875 2381 1055 2452 excitarat.
1082 2386 1114 2451 ls
1130 2407 1212 2454 cum
1231 2383 1327 2481 apud

270 2513 544 2570 monumentum
569 2497 695 2594 optimi
716 2495 857 2585 Caroli,
887 2519 1001 2592 nuper
1026 2493 1184 2567 defuncti
1209 2499 1325 2595 regis,
1346 2507 1356 2540 ⁶
1425 2576 1436 2605 Ι

268 2612 438 2706 adstaret,
457 2613 683 2710 suggestione
708 2609 967 2706 quorumdam,
990 2611 1052 2706 qui
1080 2611 1141 2681 Pio
1166 2612 1327 2708 pontifici

267 2728 411 2825 regique
428 2730 547 2827 potius
560 2751 656 2798 novo
672 2724 826 2798 blandiri
840 2725 1107 2823 cuperent,.ipsi
1118 2727 1248 2798 Caroln
1264 2728 1326 2799 de·

268 2843 389 2915 luncto
403 2843 590 2940 cujusdam
601 2840 838 2915 absolutionis
851 2841 1003 2912 sormam
1017 2841 1223 2938 impendere
1238 2869 1327 2942 prae-

267 2959 436 3058 sumpsit,
455 2961 556 3056 quasi
572 2983 721 3031 censura
738 2958 865 3055 ligatus
882 2957 1263 3032 excommunicationis
1280 2960 1326 3034 ab

268 3074 338 3147 hnc
349 3075 478 3148 saeculo
493 3075 720 3164 transivisset,
736 3074 877 3170 obeam
889 3073 1053 3173 videlicet
1067 3099 1210 3147 causam
1226 3079 1327 3174 quod

268 3191 409 3262 decreta
430 3205 635 3262 sauctorum
662 3193 829 3282 Patrum,
854 3190 905 3260 eis
921 3189 1064 3285 adjutor
1080 3189 1327 3291 benignusque
1381 3205 1386 3217 '

269 3306 386 3379 fautor
404 3308 585 3399 exsistens,
603 3306 735 3378 servari
751 3307 787 3375 in
807 3329 917 3403 regno
934 3330 1002 3379 suo
1018 3307 1063 3377 de
1081 3309 1250 3397 consiliu,
1270 3335 1326 3387 as-

266 3450 374 3499 sensu
390 3451 431 3498 ac
449 3423 633 3496 voluntate
654 3423 799 3520 majoris
828 3449 871 3496 ac
896 3424 1048 3495 sanioris
1074 3427 1183 3523 partis
1205 3431 1328 3526 praela·

269 3553 386 3613 torum
410 3556 444 3613 et
469 3540 554 3612 cleri
573 3539 683 3611 totius
709 3537 887 3634 gallicanae
915 3539 1095 3630 Ecclesiae,
1123 3542 1326 3642 principum

307 3824 334 3883 l.
360 3824 532 3896 It'anm'epst's
545 3816 617 3875 daus
638 3815 666 3874 le
679 3833 733 3872 ms.
745 3859 751 3886 ,
767 3812 839 3870 mais
852 3831 907 3890 par
920 3829 1031 3870 erreur.
1049 3812 1072 3871 ll
1087 3815 1170 3894 s'agit
1182 3815 1220 3875 de
1234 3820 1326 3877 Fran.

265 3926 348 3966 cesco
362 3908 479 3986 Copini,
499 3909 610 3984 indque
630 3904 666 3962 de
678 3903 776 3976 Terni,
793 3902 861 3980 qui,
876 3921 988 3960 comme
1002 3902 1030 3962 le
1044 3903 1086 3960 dit
1101 3905 1234 3978 l'auteur,
1250 3910 1328 3970 avait

266 3996 355 4056 abusi·
374 3997 410 4055 de
431 4017 475 4055 ses
489 3995 627 4076 pouvuirs
645 3993 682 4051 de
701 3991 778 4070 legat
795 4011 869 4069 pour
883 3991 1024 4052 latoriser
1040 3993 1067 4051 la
1082 3995 1187 4052 sactiou
1203 3996 1324 4073 d'Yorlt,

267 4108 302 4147 en
314 4087 492 4166 Augletetue.
508 4090 586 4144 Certe
600 4082 735 4142 conduite
752 4081 779 4138 le
795 4084 825 4137 tit
836 4079 984 4159 ddpnserr't
999 4101 1051 4139 sou
1066 4097 1165 4142 retour
1179 4104 1214 4143 eu
1230 4087 1321 4148 Italic.

267 4175 419 4256 llaynaldi,
430 4178 556 4231 Annales
569 4178 681 4244 eccles„
697 4183 718 4227 t.
731 4172 796 4241 VII,
813 4187 844 4246 p.
862 4171 912 4242 08,
929 4172 997 4246 529,
1015 4172 1083 4229 l23.

307 4268 336 4326 2.
360 4269 401 4323 Le
415 4283 490 4342 pape
505 4262 555 4320 Pie
568 4264 607 4319 11.
