3272 5182
371 490 429 546 234
639 485 894 544 ffisrontatturt
915 483 1094 542 LUDOVIGI
1115 485 1157 540 XI

373 623 482 712 tione,
503 619 604 692 nullo
622 620 687 690 Dei
704 618 848 708 timore,
867 616 967 687 nullo
984 639 1056 686 suae
1072 615 1172 687 lamae
1185 613 1433 690 labefactionis

372 753 552 836 respectu,
578 737 623 810 ab
648 733 835 808 inferendo
864 758 926 806 seu
953 732 1187 831 provocando
1213 732 1347 804 malum
1372 734 1432 807 bis

372 880 462 952 quos
479 855 616 941 oderat,
631 851 952 951 qualibuscumque
962 848 1111 937 artibus,
1131 847 1432 923 cohibereturvcl

372 969 622 1042 retraheretur.

728 1302 982 1385 CAPITULUM
1007 1302 1066 1370 IV.

374 1505 413 1555 De
429 1501 531 1556 insidiis
550 1502 675 1557 adversus
691 1501 787 1556 ducem
804 1501 965 1574 Burgundiae
986 1521 1034 1574 per
1051 1502 1171 1556 medium
1184 1499 1321 1564 balduini,
1343 1499 1436 1554 fratris

407 1583 448 1718 pui
461 1573 602 1650 naturalis,
617 1584 772 1638 machinaris
792 1597 818 1636 et
835 1582 957 1649 detectis,
975 1595 1053 1655 atque
1073 1581 1193 1654 ejusdem
1209 1580 1333 1634 Baldnini
1353 1581 1436 1634 celeri

418 1683 477 1738 uga.

424 1847 526 1917 Unde
549 1862 584 1918 et
600 1849 694 1918 circa
713 1847 790 1938 'haec
807 1859 987 1944 tempora,
1006 1841 1137 1942 quibus
1164 1841 1211 1914 ad
1236 1839 1434 1913 conficien-

269 2041 275 2050 ,
375 1963 463 2032 dum
490 1962 548 2034 illa
573 1963 712 2060 egregia
736 1962 867 2034 soedera
892 1985 976 2031 cum
999 1957 1309 2058 principeWalliae
1328 1982 1436 2030 vaca-

374 2075 435 2146 bat
465 2100 529 2174 per
553 2077 712 2148 medium
740 2078 794 2148 sui
819 2074 1004 2166 Warvr'clr,
1035 2073 1079 2144 de
1109 2072 1240 2170 quibus
1269 2071 1435 2170 proxime

375 2192 622 2281 meminimus,
640 2191 735 2264 aliud
750 2191 935 2289 quoddam
953 2191 1086 2262 illustre
1104 2187 1435 2260 machinamentum

375 2305 576 2396 adiuvenit,
596 2307 695 2404 quod
717 2333 737 2379 a
758 2307 864 2378 nobis
887 2306 1027 2377 silentio
1047 2329 1122 2408 non
1143 2303 1282 2374 videtur
1300 2301 1435 2376 debere

374 2424 556 2521 praeteriri.
571 2426 732 2497 Tentavit
745 2424 840 2496 enim
856 2424 985 2495 iterum
999 2437 1034 2494 et
1046 2421 1156 2493 altera
1172 2421 1246 2492 vice
1263 2419 1328 2513 (uti
1340 2419 1436 2494 lama

375 2540 518 2639 publica
544 2557 650 2638 atque
674 2541 912 2640 vulgatissima
934 2539 1020 2636 tuit)
1047 2563 1208 2626 veneno,
1234 2538 1292 2608 vel
1314 2535 1436 2634 gladio

375 2679 437 2729 seu
454 2657 539 2751 telo,
554 2659 684 2730 ducem
703 2657 915 2755 Burgundiae
933 2681 997 2755 per
1014 2655 1112 2726 hunc
1131 2653 1282 2726 modum
1297 2654 1435 2726 exstin-

374 2798 493 2868 guere.
801 2777 806 2790 '

423 2889 695 2986 Transiugerant
711 2889 755 2960 ad
771 2914 855 2960 eum
868 2913 909 2959 ex
925 2888 1024 2960 curia
1035 2902 1072 2958 et
1088 2887 1260 2959 comitatu
1278 2891 1438 2982 burgun-

377 3004 528 3076 dionum
548 3005 648 3076 ducis
665 3006 813 3102 quidam
830 3005 1036 3076 nominatus
1052 3001 1433 3094 dominusdeSacha¹‚

329 3108 332 3114 ’
378 3135 412 3193 et
426 3121 571 3218 quidam
587 3119 676 3195 alius
684 3123 707 3210 ²,
722 3144 851 3216 magna
863 3118 1098 3192 familiaritate
1109 3132 1145 3190 et
1157 3119 1312 3192 amicitia
1320 3119 1436 3215 juncti

418 3329 446 3384 l.
469 3330 540 3384 Jean
555 3325 591 3384 de
604 3323 721 3400 Chassa‚
734 3322 914 3382 chambellan
926 3321 1073 3381 ordinaire
1085 3323 1193 3384 duduc
1205 3325 1436 3404 deBourgogne,

381 3441 393 3465 a
410 3413 511 3491 gentil,
527 3412 635 3491 galant,
649 3413 718 3472 rade
728 3413 873 3471 chevalier
886 3424 915 3470 et
927 3409 996 3472 bien
1010 3415 1027 3470 'a
1040 3413 1085 3490 ly3
1100 3426 1130 3472 et
1140 3414 1218 3472 avoit
1230 3414 1280 3472 fait
1293 3431 1387 3472 armes
1399 3431 1437 3470 en

378 3501 547 3580 angleterre
560 3523 637 3562 *avec
659 3504 759 3562 l‘aisne
780 3503 895 3562 bastard
918 3501 954 3560 de
977 3503 1181 3582 Bourgoagne.
1206 3503 1278 3562 Mais
1296 3503 1381 3561 estoit
1400 3501 1438 3560 de

377 3592 465 3670 petite
477 3590 623 3652 chevance
636 3605 664 3652 et
678 3613 829 3651 commune
847 3590 1008 3671 gentillesse
1022 3590 1062 3649 du
1075 3592 1168 3650 comte
1183 3591 1218 3648 de
1232 3595 1436 3668 Bourgongne,

378 3680 452 3739 etde
467 3681 572 3758 grands
582 3681 711 3740 beubaus
723 3681 788 3759 plus
800 3681 867 3759 qu’a
877 3701 929 3739 son
940 3681 1117 3758 appartenir‚
1128 3694 1156 3740 et
1168 3679 1238 3740 dont
1248 3681 1276 3740 la
1288 3680 1439 3758 puissance

378 3789 415 3828 ne
429 3770 509 3848 pouit
523 3785 621 3848 porter
635 3772 662 3830 le
676 3783 820 3848 coustage.
837 3796 849 3821 ιι
867 3770 1057 3842 Chastellain,
1075 3773 1252 3850 Iupania,
1268 3792 1294 3830 c.
1311 3790 1414 3828 ccxxx.

420 3863 448 3918 2.
475 3863 571 3939 «Ung
593 3860 709 3917 nomme
730 3859 823 3917 Jehan
843 3859 985 3932 d'drson,
1006 3859 1103 3936 lequel
1122 3860 1159 3918 de
1178 3860 1342 3940 longtemps
1362 3859 1438 3918 avoit

380 3949 439 4008 esti
452 3949 555 4008 nourri
568 3968 604 4007 eu
620 3948 732 4006 l’hostel
751 3947 787 4006 de
803 3961 901 4008 nostre
916 3950 1072 4010 tres-chier
1088 3951 1223 4030 seigneur
1239 3963 1268 4010 et
1285 3954 1354 4029 pere
1368 3953 1438 4026 (que

380 4037 455 4096 Dieu
468 4035 609 4112 absolve),
624 4050 668 4107 et,
681 4035 782 4114 depuis
799 4057 852 4095 son
870 4050 996 4118 trespas,
1015 4039 1137 4098 l’avious
1152 4059 1282 4117 pourveu
1296 4059 1333 4097 en
1347 4038 1438 4097 l’estat

382 4127 418 4186 de
429 4140 527 4187 nostre
537 4128 697 4207 pannetier,
709 4135 826 4187 servant
839 4141 935 4187 nostre
946 4127 1075 4198 bouche3
1089 4141 1117 4186 et
1131 4127 1207 4188 aussi
1219 4140 1311 4188 estant
1324 4129 1439 4186 maistre

383 4215 482 4274 d’ostel
500 4215 536 4274 de
549 4229 647 4276 nostre
662 4217 816 4276 tres-chier
829 4229 858 4276 et
870 4217 926 4276 sc'al
944 4217 1100 4292 chevalier,
1110 4217 1262 4278 conseiller
1275 4229 1303 4276 et
1317 4217 1442 4296 premier
