3402 5186
374 541 410 595 lo
647 537 904 598 ntstotttantrn
924 537 1102 597 ntmovtct
1121 539 1164 596 xt

372 672 470 746 suere
483 697 648 745 numero.
664 673 895 746 Postmodum
905 695 992 744 xero
1005 695 1067 744 rex
1075 669 1122 744 ad
1132 673 1337 757 conuiuium
1349 699 1433 746 cnm

249 778 251 782 ⁵
373 787 593 888 principibus
609 801 645 860 et
659 787 810 887 praelatis
828 787 989 877 recessit,
1009 785 1108 884 quod
1131 787 1331 885 sumptibus
1348 790 1432 860 civi

372 905 452 976 tatis
476 904 823 1001 magnificentissime
851 917 886 974 et
911 901 1197 1002 splendidissime
1221 904 1432 1004 adparatum

373 1022 499 1092 eratin
518 1019 599 1092 aula
616 1020 751 1116 majore
770 1019 891 1118 palatii
907 1018 1231 1118 archiepiscopalis.

394 1193 396 1203 ,
423 1135 570 1234 Expleto
594 1150 714 1207 autern
737 1135 922 1223 convivio,
949 1133 1066 1206 statim
1089 1159 1170 1224 rex,
1197 1147 1279 1231 toga
1298 1149 1432 1211 mutata

373 1275 499 1351 quam,
526 1251 614 1322 dum
636 1266 800 1354 ageretur
824 1250 1101 1322 consecrationis
1123 1251 1351 1347 mysterium,
1379 1253 1434 1325 in·

374 1367 521 1459 domat,
543 1367 648 1438 aliam
667 1367 881 1456 bicolorem,
902 1377 940 1436 ut
964 1378 1150 1464 perantea,
1177 1367 1235 1438 vix
1258 1369 1434 1466 usquead

320 1495 325 1505 “
375 1499 475 1584 nates
492 1486 769 1585 pervenientem,
787 1507 984 1574 assumens,
998 1481 1044 1555 ad
1057 1483 1185 1580 gradus
1195 1499 1276 1558 ante
1290 1501 1433 1586 portam

373 1602 589 1701 anteriorem
607 1602 762 1674 ecclesiae
778 1627 911 1700 equum
928 1601 1157 1687 conscendit,
1171 1588 1258 1674 cbm
1278 1603 1435 1677 satelliti·

372 1715 441 1789 bus
456 1715 577 1789 multis
593 1717 639 1788 ad
656 1717 914 1791 monasterium
931 1716 1116 1815 praefatum
1133 1719 1246 1790 sancti
1267 1717 1434 1792 'lbeodo-

373 1831 437 1905 rici
452 1852 612 1906 reversus
626 1837 649 1906 ¹.

422 1952 512 2020 Cum
529 1964 650 2022 autem
662 1948 757 2020 cives
774 1971 811 2019 se
829 1961 864 2019 et
877 1947 1006 2020 urbem
1032 1969 1134 2022 suam
1159 1961 1265 2045 atque
1283 1951 1432 2048 patriam

375 2065 408 2136 ei
424 2066 748 2158 commendassent,
767 2063 973 2162 suppliciter
991 2081 1156 2164 rogantes
1172 2082 1348 2163 quatenus
1369 2066 1434 2139 tal·

372 2180 449 2266 lias,
472 2179 626 2278 gabellas
643 2195 676 2253 et
689 2181 827 2252 diversa
843 2180 1038 2280 vectigalia,
1051 2208 1070 2255 a
1081 2197 1180 2281 patre
1193 2207 1260 2254 suo
1273 2182 1320 2254 ob
1333 2208 1434 2280 gner-

374 2319 495 2369 rarum
513 2297 738 2370 necessitates
754 2297 954 2396 impositas,
975 2297 1031 2370 vel
1045 2298 1225 2369 remittere
1242 2297 1298 2369 vel
1314 2297 1435 2369 mode·

374 2412 444 2485 rari
460 2412 585 2502 vellet,
608 2439 647 2485 se
667 2413 865 2510 benignum
893 2429 998 2512 atque
1020 2414 1232 2489 clementem
1256 2423 1435 2487 ostentare

374 2529 515 2622 volens,
534 2529 676 2629 publice
694 2529 781 2603 dixit
796 2543 831 2602 et
847 2530 1025 2629 pollicitus
1048 2545 1100 2602 est
1126 2528 1244 2628 palam
1264 2527 1435 2602 omnibus

309 2736 315 2747 Ι
374 2671 411 2719 se
428 2647 581 2719 maxime
596 2647 798 2720 desiderare
814 2647 851 2720 id
868 2646 1021 2734 efficere,
1040 2645 1202 2743 velleque
1220 2644 1345 2718 tollere
1356 2669 1434 2718 om·

373 2785 436 2834 nes
463 2761 670 2860 hujusmodi
698 2763 811 2836 tallias
836 2777 872 2834 et
896 2761 1097 2833 exactiones
1127 2760 1172 2833 de
1192 2773 1269 2832 toto
1297 2782 1432 2857 regno,

373 2879 561 2976 ipsumque
575 2901 724 2976 regnum
741 2877 788 2950 ad
804 2901 886 2949 suas
908 2878 1072 2975 antiquas
1087 2875 1267 2950 libertates
1283 2878 1434 2950 omnino

373 2996 557 3067 restituere
583 3006 619 3066 et
646 2995 865 3084 instaurare..
881 2989 995 3093 Super
1020 3017 1094 3092 quo
1121 2995 1246 3087 etiarn,
1273 2993 1435 3092 sequenti

375 3111 446 3205 die,
468 3134 550 3184 cum
567 3136 632 3210 per
647 3110 839 3216 quemdam
857 3109 1066 3209 episcopum
1081 3111 1202 3208 regni⁸
1222 3111 1435 3212 supplicatio

374 3225 556 3300 humiliter
575 3251 617 3299 ac
641 3225 770 3299 devote
788 3225 857 3298 sibi
878 3225 995 3317 beret,
1020 3240 1056 3299 et
1073 3240 1112 3297 ut
1135 3225 1234 3324 regni
1258 3226 1432 3326 populos,

375 3341 481 3412 tantis
511 3340 727 3414 tributorum
755 3339 943 3430 oneribus,
976 3341 1129 3438 angariis
1158 3359 1193 3414 et
1218 3344 1436 3442 perangariis

305 3459 308 3469 '
375 3457 621 3530 miserabiliter
637 3458 777 3531 attritos
795 3473 829 3530 et
843 3459 1014 3548 alllictos,
1035 3459 1151 3531 levare
1167 3483 1231 3531 sua
1247 3458 1435 3534 clementia

375 3572 592 3670 dignaretur,
611 3573 729 3646 verbis
756 3573 918 3673 plurimis
941 3599 978 3648 se
1001 3575 1037 3648 id
1054 3598 1161 3674 quam
1179 3576 1332 3648 maxime
1349 3573 1435 3649 alle-
1554 3646 1559 3657 ,

376 3689 659 3762 ctare‘ostendit.
681 3694 720 3762 ln
736 3691 859 3789 primis
876 3692 974 3762 enim
987 3690 1201 3790 supplicanti
1218 3691 1346 3787 gratias
1359 3715 1435 3764 ma·

376 3825 463 3902 gnas
477 3825 514 3876 se
530 3803 663 3877 habere
679 3803 785 3896 dixit,
801 3805 901 3903 quod
917 3805 963 3878 de
979 3831 1021 3878 ea
1032 3831 1072 3878 re
1087 3831 1171 3878 eum
1193 3807 1436 3882 commonefa-

377 3933 479 3994 ceret·
494 3942 590 4020 quae,
615 3943 688 4022 prae
707 3921 875 3993 omnibus
891 3921 997 3994 rebus
1014 3921 1291 4020 temporalibus,
1313 3923 1436 3998 animo

419 4133 431 4187 l
440 4174 448 4189 .
470 4119 527 4189 Sic.
543 4126 680 4206 Corrigez
693 4145 860 4184 reversuram.

420 4217 450 4275 ἱ.
472 4219 524 4276 Cet
542 4217 654 4294 deeque
670 4213 739 4274 etait
756 4215 880 4274 Thomas
901 4214 987 4274 Rasin
1005 4214 1171 4277 tut-’meme
1188 4215 1258 4276 Voir
1274 4217 1316 4277 les
1335 4215 1438 4276 de'tails

379 4306 419 4364 οὺ
433 4304 453 4363 il
468 4317 549 4366 entre
563 4309 579 4364 t
593 4324 626 4366 ee
637 4305 712 4380 sajet
724 4304 796 4368 daus
809 4320 861 4364 son
874 4304 1027 4386 apologie,
1044 4303 1065 4368 1.
1076 4307 1102 4383 l,
1115 4325 1141 4367 e.
1154 4327 1177 4365 n
1191 4317 1220 4365 et
1231 4324 1276 4364 nx.
