<?xml version="1.0" encoding="UTF-8"?>
<!DOCTYPE html PUBLIC "-//W3C//DTD XHTML 1.0 Transitional//EN"
    "http://www.w3.org/TR/xhtml1/DTD/xhtml1-transitional.dtd">
<html xmlns="http://www.w3.org/1999/xhtml" xml:lang="en" lang="en">
 <head>
  <title>
</title>
<meta http-equiv="Content-Type" content="text/html;charset=utf-8" />
  <meta name='ocr-system' content='tesseract 3.04.00' />
  <meta name='ocr-capabilities' content='ocr_page ocr_carea ocr_par ocr_line ocrx_word'/>
</head>
<body>
  <div class='ocr_page' id='page_1' title='image "./histoiredesrgne02amelgoog_0124.png"; bbox 0 0 3402 5186; ppageno 0'>
   <div class='ocr_carea' id='block_1_1' title="bbox 670 549 1341 610">
    <p class='ocr_par' dir='ltr' id='par_1_1' title="bbox 670 549 1341 610">
     <span class='ocr_line' id='line_1_1' title="bbox 670 549 1341 610; baseline -0.001 -4"><span class='ocrx_word' id='word_1_1' title='bbox 670 549 783 607; x_wconf 76' lang='lat' dir='ltr'><strong>taum</strong></span> <span class='ocrx_word' id='word_1_2' title='bbox 802 549 953 610; x_wconf 71' lang='lat' dir='ltr'><strong>snmus.</strong></span> <span class='ocrx_word' id='word_1_3' title='bbox 1303 551 1341 606; x_wconf 75' lang='lat'><strong>27</strong></span> 
     </span>
    </p>
   </div>
   <div class='ocr_carea' id='block_1_2' title="bbox 182 669 1409 2173">
    <p class='ocr_par' dir='ltr' id='par_1_2' title="bbox 182 669 1409 2173">
     <span class='ocr_line' id='line_1_2' title="bbox 283 669 1409 776; baseline 0.004 -26"><span class='ocrx_word' id='word_1_4' title='bbox 283 679 394 750; x_wconf 84' lang='lat' dir='ltr'><strong>ritum</strong></span> <span class='ocrx_word' id='word_1_5' title='bbox 422 703 507 752; x_wconf 92' lang='lat' dir='ltr'><strong>eum</strong></span> <span class='ocrx_word' id='word_1_6' title='bbox 534 677 700 752; x_wconf 85' lang='lat' dir='ltr'><strong>secedere</strong></span> <span class='ocrx_word' id='word_1_7' title='bbox 728 679 858 776; x_wconf 80' lang='lat' dir='ltr'><strong>coegit.</strong></span> <span class='ocrx_word' id='word_1_8' title='bbox 891 669 1089 752; x_wconf 86' lang='lat' dir='ltr'><strong>Dominum</strong></span> <span class='ocrx_word' id='word_1_9' title='bbox 1126 683 1268 752; x_wconf 83' lang='lat' dir='ltr'><strong>Petrum</strong></span> <span class='ocrx_word' id='word_1_10' title='bbox 1297 679 1344 754; x_wconf 86' lang='lat' dir='ltr'><strong>de</strong></span> <span class='ocrx_word' id='word_1_11' title='bbox 1403 673 1409 684; x_wconf 55' lang='lat'><strong>⁹</strong></span> 
     </span>
     <span class='ocr_line' id='line_1_3' title="bbox 280 795 1344 891; baseline 0.003 -25"><span class='ocrx_word' id='word_1_12' title='bbox 280 796 405 884; x_wconf 77' lang='lat' dir='ltr'><strong>Emi,</strong></span> <span class='ocrx_word' id='word_1_13' title='bbox 439 795 676 867; x_wconf 77' lang='lat' dir='ltr'>senescallum</span> <span class='ocrx_word' id='word_1_14' title='bbox 709 817 882 891; x_wconf 85' lang='lat' dir='ltr'><strong>magnum</strong></span> <span class='ocrx_word' id='word_1_15' title='bbox 913 795 1161 891; x_wconf 63' lang='lat' dir='ltr'><strong>Homonoia,</strong></span> <span class='ocrx_word' id='word_1_16' title='bbox 1192 795 1344 869; x_wconf 83' lang='lat' dir='ltr'><strong>alterum</strong></span> 
     </span>
     <span class='ocr_line' id='line_1_4' title="bbox 280 907 1342 1006; baseline 0.002 -24"><span class='ocrx_word' id='word_1_17' title='bbox 280 909 390 982; x_wconf 84' lang='lat' dir='ltr'><strong>etiam</strong></span> <span class='ocrx_word' id='word_1_18' title='bbox 414 907 688 1006; x_wconf 87' lang='lat' dir='ltr'><strong>quodammodo</strong></span> <span class='ocrx_word' id='word_1_19' title='bbox 709 909 937 984; x_wconf 80' lang='lat' dir='ltr'><strong>Normanniae</strong></span> <span class='ocrx_word' id='word_1_20' title='bbox 952 931 994 980; x_wconf 82' lang='lat' dir='ltr'><strong>en</strong></span> <span class='ocrx_word' id='word_1_21' title='bbox 1015 907 1211 1005; x_wconf 77' lang='lat' dir='ltr'><strong>tngtorum</strong></span> <span class='ocrx_word' id='word_1_22' title='bbox 1233 933 1342 984; x_wconf 78' lang='lat' dir='ltr'><strong>manu</strong></span> 
     </span>
     <span class='ocr_line' id='line_1_5' title="bbox 281 1025 1340 1126; baseline 0.005 -30"><span class='ocrx_word' id='word_1_23' title='bbox 281 1039 583 1124; x_wconf 70' lang='lat' dir='ltr'><strong>recuperatorem,</strong></span> <span class='ocrx_word' id='word_1_24' title='bbox 601 1026 663 1124; x_wconf 88' lang='lat' dir='ltr'><strong>qui</strong></span> <span class='ocrx_word' id='word_1_25' title='bbox 677 1081 686 1115; x_wconf 95' lang='lat'>‚</span> <span class='ocrx_word' id='word_1_26' title='bbox 702 1040 783 1126; x_wconf 88' lang='lat' dir='ltr'><strong>post</strong></span> <span class='ocrx_word' id='word_1_27' title='bbox 799 1026 913 1098; x_wconf 84' lang='lat' dir='ltr'><strong>varias</strong></span> <span class='ocrx_word' id='word_1_28' title='bbox 929 1025 1029 1122; x_wconf 74' lang='lat' dir='ltr'><strong>sugas</strong></span> <span class='ocrx_word' id='word_1_29' title='bbox 1049 1040 1158 1124; x_wconf 88' lang='lat' dir='ltr'><strong>atque</strong></span> <span class='ocrx_word' id='word_1_30' title='bbox 1173 1027 1340 1120; x_wconf 81' lang='lat' dir='ltr'><strong>latebras,</strong></span> 
     </span>
     <span class='ocr_line' id='line_1_6' title="bbox 182 1139 1341 1242; baseline 0.01 -38"><span class='ocrx_word' id='word_1_31' title='bbox 182 1195 186 1204; x_wconf 94' lang='lat'>.</span> <span class='ocrx_word' id='word_1_32' title='bbox 280 1139 554 1238; x_wconf 88' lang='lat' dir='ltr'><strong>quodammodo</strong></span> <span class='ocrx_word' id='word_1_33' title='bbox 588 1141 625 1212; x_wconf 93' lang='lat' dir='ltr'><strong>in</strong></span> <span class='ocrx_word' id='word_1_34' title='bbox 655 1140 803 1237; x_wconf 84' lang='lat' dir='ltr'><strong>gratiam</strong></span> <span class='ocrx_word' id='word_1_35' title='bbox 829 1141 907 1238; x_wconf 87' lang='lat' dir='ltr'><strong>ejus</strong></span> <span class='ocrx_word' id='word_1_36' title='bbox 933 1165 970 1213; x_wconf 92' lang='lat' dir='ltr'><strong>se</strong></span> <span class='ocrx_word' id='word_1_37' title='bbox 994 1141 1140 1214; x_wconf 89' lang='lat' dir='ltr'><strong>rediisse</strong></span> <span class='ocrx_word' id='word_1_38' title='bbox 1169 1143 1341 1242; x_wconf 82' lang='lat' dir='ltr'><strong>putabat,</strong></span> 
     </span>
     <span class='ocr_line' id='line_1_7' title="bbox 280 1254 1344 1358; baseline 0.003 -30"><span class='ocrx_word' id='word_1_39' title='bbox 280 1254 487 1330; x_wconf 83' lang='lat' dir='ltr'><strong>senescallia</strong></span> <span class='ocrx_word' id='word_1_40' title='bbox 508 1271 544 1328; x_wconf 89' lang='lat' dir='ltr'><strong>et</strong></span> <span class='ocrx_word' id='word_1_41' title='bbox 561 1257 697 1330; x_wconf 71' lang='lat' dir='ltr'><strong>militiae</strong></span> <span class='ocrx_word' id='word_1_42' title='bbox 718 1271 863 1330; x_wconf 87' lang='lat' dir='ltr'><strong>centum</strong></span> <span class='ocrx_word' id='word_1_43' title='bbox 887 1257 1093 1330; x_wconf 83' lang='lat' dir='ltr'><strong>lancearum</strong></span> <span class='ocrx_word' id='word_1_44' title='bbox 1115 1257 1249 1330; x_wconf 88' lang='lat' dir='ltr'><strong>ducatu</strong></span> <span class='ocrx_word' id='word_1_45' title='bbox 1272 1259 1344 1358; x_wconf 91' lang='lat' dir='ltr'><strong>pri·</strong></span> 
     </span>
     <span class='ocr_line' id='line_1_8' title="bbox 280 1369 1342 1471; baseline 0.003 -28"><span class='ocrx_word' id='word_1_46' title='bbox 280 1385 421 1459; x_wconf 86' lang='lat' dir='ltr'><strong>vatum,</strong></span> <span class='ocrx_word' id='word_1_47' title='bbox 441 1369 509 1444; x_wconf 93' lang='lat' dir='ltr'><strong>sub</strong></span> <span class='ocrx_word' id='word_1_48' title='bbox 527 1372 679 1444; x_wconf 90' lang='lat' dir='ltr'><strong>obtentu</strong></span> <span class='ocrx_word' id='word_1_49' title='bbox 694 1371 832 1446; x_wconf 88' lang='lat' dir='ltr'><strong>serendi</strong></span> <span class='ocrx_word' id='word_1_50' title='bbox 841 1372 1013 1445; x_wconf 83' lang='lat' dir='ltr'><strong>auxilium</strong></span> <span class='ocrx_word' id='word_1_51' title='bbox 1027 1375 1194 1464; x_wconf 66' lang='lat' dir='ltr'><strong>nautico,</strong></span> <span class='ocrx_word' id='word_1_52' title='bbox 1210 1372 1342 1471; x_wconf 84' lang='lat' dir='ltr'><strong>Anglo·</strong></span> 
     </span>
     <span class='ocr_line' id='line_1_9' title="bbox 279 1487 1341 1587; baseline 0.006 -30"><span class='ocrx_word' id='word_1_53' title='bbox 279 1510 361 1558; x_wconf 91' lang='lat' dir='ltr'><strong>rum</strong></span> <span class='ocrx_word' id='word_1_54' title='bbox 383 1487 475 1585; x_wconf 84' lang='lat' dir='ltr'><strong>regi,</strong></span> <span class='ocrx_word' id='word_1_55' title='bbox 495 1487 613 1587; x_wconf 91' lang='lat' dir='ltr'><strong>quiin</strong></span> <span class='ocrx_word' id='word_1_56' title='bbox 631 1489 790 1562; x_wconf 89' lang='lat' dir='ltr'><strong>Scotiam</strong></span> <span class='ocrx_word' id='word_1_57' title='bbox 806 1512 919 1586; x_wconf 86' lang='lat' dir='ltr'><strong>regno</strong></span> <span class='ocrx_word' id='word_1_58' title='bbox 942 1489 1066 1587; x_wconf 86' lang='lat' dir='ltr'><strong>pulsus</strong></span> <span class='ocrx_word' id='word_1_59' title='bbox 1088 1489 1286 1587; x_wconf 83' lang='lat' dir='ltr'><strong>aufugerat,</strong></span> <span class='ocrx_word' id='word_1_60' title='bbox 1305 1490 1341 1563; x_wconf 91' lang='lat' dir='ltr'><strong>in</strong></span> 
     </span>
     <span class='ocr_line' id='line_1_10' title="bbox 278 1602 1343 1703; baseline 0.002 -29"><span class='ocrx_word' id='word_1_61' title='bbox 278 1602 437 1675; x_wconf 89' lang='lat' dir='ltr'><strong>Scotiam</strong></span> <span class='ocrx_word' id='word_1_62' title='bbox 451 1603 680 1678; x_wconf 78' lang='lat' dir='ltr'><strong>transfretare</strong></span> <span class='ocrx_word' id='word_1_63' title='bbox 693 1603 823 1701; x_wconf 83' lang='lat' dir='ltr'><strong>coegit.</strong></span> <span class='ocrx_word' id='word_1_64' title='bbox 839 1602 1091 1702; x_wconf 68' lang='lat' dir='ltr'><strong>Omnibusque</strong></span> <span class='ocrx_word' id='word_1_65' title='bbox 1103 1603 1214 1676; x_wconf 87' lang='lat' dir='ltr'><strong>ferme</strong></span> <span class='ocrx_word' id='word_1_66' title='bbox 1225 1617 1343 1703; x_wconf 87' lang='lat' dir='ltr'><strong>pater·</strong></span> 
     </span>
     <span class='ocr_line' id='line_1_11' title="bbox 204 1717 1340 1812; baseline 0.004 -24"><span class='ocrx_word' id='word_1_67' title='bbox 204 1776 219 1805; x_wconf 68' lang='grc'><strong>,</strong></span> <span class='ocrx_word' id='word_1_68' title='bbox 236 1741 242 1758; x_wconf 92' lang='grc'>·</span> <span class='ocrx_word' id='word_1_69' title='bbox 279 1741 335 1790; x_wconf 76' lang='lat' dir='ltr'><strong>nte</strong></span> <span class='ocrx_word' id='word_1_70' title='bbox 348 1717 480 1792; x_wconf 79' lang='lat' dir='ltr'><strong>militiae</strong></span> <span class='ocrx_word' id='word_1_71' title='bbox 496 1717 651 1791; x_wconf 90' lang='lat' dir='ltr'><strong>ducibus</strong></span> <span class='ocrx_word' id='word_1_72' title='bbox 662 1718 780 1792; x_wconf 84' lang='lat' dir='ltr'><strong>officie</strong></span> <span class='ocrx_word' id='word_1_73' title='bbox 790 1733 826 1792; x_wconf 90' lang='lat' dir='ltr'><strong>et</strong></span> <span class='ocrx_word' id='word_1_74' title='bbox 835 1719 1006 1791; x_wconf 79' lang='lat' dir='ltr'><strong>numeros</strong></span> <span class='ocrx_word' id='word_1_75' title='bbox 1016 1719 1169 1791; x_wconf 92' lang='lat' dir='ltr'><strong>militum</strong></span> <span class='ocrx_word' id='word_1_76' title='bbox 1182 1718 1340 1812; x_wconf 75' lang='lat' dir='ltr'><strong>aitstulit,</strong></span> 
     </span>
     <span class='ocr_line' id='line_1_12' title="bbox 279 1839 1343 1939; baseline 0.002 -29"><span class='ocrx_word' id='word_1_77' title='bbox 279 1863 322 1910; x_wconf 90' lang='lat' dir='ltr'><strong>ea</strong></span> <span class='ocrx_word' id='word_1_78' title='bbox 338 1839 415 1912; x_wconf 82' lang='lat' dir='ltr'><strong>aliis</strong></span> <span class='ocrx_word' id='word_1_79' title='bbox 429 1841 672 1934; x_wconf 91' lang='lat' dir='ltr'><strong>committens,</strong></span> <span class='ocrx_word' id='word_1_80' title='bbox 689 1841 806 1939; x_wconf 90' lang='lat' dir='ltr'><strong>quiin</strong></span> <span class='ocrx_word' id='word_1_81' title='bbox 825 1841 876 1912; x_wconf 91' lang='lat' dir='ltr'><strong>rei</strong></span> <span class='ocrx_word' id='word_1_82' title='bbox 897 1840 1058 1914; x_wconf 88' lang='lat' dir='ltr'><strong>militaris</strong></span> <span class='ocrx_word' id='word_1_83' title='bbox 1073 1839 1290 1939; x_wconf 81' lang='lat' dir='ltr'><strong>experientia</strong></span> <span class='ocrx_word' id='word_1_84' title='bbox 1308 1855 1343 1914; x_wconf 84' lang='lat' dir='ltr'><strong>et</strong></span> 
     </span>
     <span class='ocr_line' id='line_1_13' title="bbox 280 1956 1344 2057; baseline 0.005 -31"><span class='ocrx_word' id='word_1_85' title='bbox 280 1956 488 2030; x_wconf 84' lang='lat' dir='ltr'><strong>strenuitate</strong></span> <span class='ocrx_word' id='word_1_86' title='bbox 514 1957 621 2054; x_wconf 83' lang='lat' dir='ltr'><strong>longe</strong></span> <span class='ocrx_word' id='word_1_87' title='bbox 644 1959 801 2057; x_wconf 85' lang='lat' dir='ltr'><strong>impares</strong></span> <span class='ocrx_word' id='word_1_88' title='bbox 822 1971 962 2049; x_wconf 83' lang='lat' dir='ltr'><strong>essent,</strong></span> <span class='ocrx_word' id='word_1_89' title='bbox 982 1958 1290 2055; x_wconf 74' lang='lat' dir='ltr'><strong>quemadmodum</strong></span> <span class='ocrx_word' id='word_1_90' title='bbox 1306 1973 1344 2032; x_wconf 93' lang='lat' dir='ltr'><strong>et</strong></span> 
     </span>
     <span class='ocr_line' id='line_1_14' title="bbox 279 2070 1145 2173; baseline 0.008 -32"><span class='ocrx_word' id='word_1_91' title='bbox 279 2070 432 2168; x_wconf 87' lang='lat' dir='ltr'><strong>ipsemet</strong></span> <span class='ocrx_word' id='word_1_92' title='bbox 450 2072 683 2171; x_wconf 84' lang='lat' dir='ltr'><strong>postmodum</strong></span> <span class='ocrx_word' id='word_1_93' title='bbox 700 2074 947 2173; x_wconf 78' lang='lat' dir='ltr'><strong>experimento</strong></span> <span class='ocrx_word' id='word_1_94' title='bbox 964 2073 1145 2173; x_wconf 68' lang='lat' dir='ltr'><strong>probavit.</strong></span> 
     </span>
    </p>
   </div>
   <div class='ocr_carea' id='block_1_3' title="bbox 618 2419 994 2489">
    <p class='ocr_par' dir='ltr' id='par_1_3' title="bbox 618 2419 994 2489">
     <span class='ocr_line' id='line_1_15' title="bbox 618 2419 994 2489; baseline 0.005 -2"><span class='ocrx_word' id='word_1_95' title='bbox 618 2419 874 2488; x_wconf 76' lang='lat' dir='ltr'><strong>ctrttututt</strong></span> <span class='ocrx_word' id='word_1_96' title='bbox 902 2421 994 2489; x_wconf 85' lang='lat' dir='ltr'><strong>vltt.</strong></span> 
     </span>
    </p>
   </div>
   <div class='ocr_carea' id='block_1_4' title="bbox 276 2617 1342 2852">
    <p class='ocr_par' dir='ltr' id='par_1_4' title="bbox 276 2617 1342 2852">
     <span class='ocr_line' id='line_1_16' title="bbox 276 2617 1342 2712; baseline 0 -40"><span class='ocrx_word' id='word_1_97' title='bbox 276 2619 388 2686; x_wconf 84' lang='lat' dir='ltr'><strong>Qualem</strong></span> <span class='ocrx_word' id='word_1_98' title='bbox 404 2637 432 2674; x_wconf 88' lang='lat' dir='ltr'><strong>ee</strong></span> <span class='ocrx_word' id='word_1_99' title='bbox 443 2637 490 2674; x_wconf 82' lang='lat' dir='ltr'><strong>rex</strong></span> <span class='ocrx_word' id='word_1_100' title='bbox 502 2617 537 2712; x_wconf 46' lang='grc' dir='ltr'><strong><em>ἢ</em></strong></span> <span class='ocrx_word' id='word_1_101' title='bbox 550 2617 646 2672; x_wconf 82' lang='lat' dir='ltr'><strong>ducem</strong></span> <span class='ocrx_word' id='word_1_102' title='bbox 659 2617 819 2690; x_wconf 67' lang='lat' dir='ltr'><strong>Burgundio</strong></span> <span class='ocrx_word' id='word_1_103' title='bbox 832 2619 963 2688; x_wconf 84' lang='lat' dir='ltr'><strong>exhibuit,</strong></span> <span class='ocrx_word' id='word_1_104' title='bbox 981 2632 1122 2706; x_wconf 68' lang='lat' dir='ltr'><strong>antequem</strong></span> <span class='ocrx_word' id='word_1_105' title='bbox 1134 2639 1167 2674; x_wconf 80' lang='lat' dir='ltr'><strong>ex</strong></span> <span class='ocrx_word' id='word_1_106' title='bbox 1184 2619 1289 2674; x_wconf 73' lang='lat' dir='ltr'><strong>Per-iniis</strong></span> <span class='ocrx_word' id='word_1_107' title='bbox 1307 2617 1342 2672; x_wconf 82' lang='lat' dir='ltr'><strong>ad</strong></span> 
     </span>
     <span class='ocr_line' id='line_1_17' title="bbox 312 2695 1340 2794; baseline 0.004 -43"><span class='ocrx_word' id='word_1_108' title='bbox 312 2701 422 2772; x_wconf 84' lang='lat' dir='ltr'><strong>propria</strong></span> <span class='ocrx_word' id='word_1_109' title='bbox 433 2697 548 2764; x_wconf 76' lang='lat' dir='ltr'><strong>rediret3</strong></span> <span class='ocrx_word' id='word_1_110' title='bbox 565 2697 638 2794; x_wconf 63' lang='lat' dir='ltr'><strong>etde</strong></span> <span class='ocrx_word' id='word_1_111' title='bbox 653 2700 830 2793; x_wconf 68' lang='lat' dir='ltr'><strong>promipsione</strong></span> <span class='ocrx_word' id='word_1_112' title='bbox 847 2699 967 2794; x_wconf 55' lang='lat' dir='ltr'><strong>rejueuem</strong></span> <span class='ocrx_word' id='word_1_113' title='bbox 984 2702 1051 2773; x_wconf 70' lang='lat' dir='ltr'><strong>regie</strong></span> <span class='ocrx_word' id='word_1_114' title='bbox 1067 2695 1101 2754; x_wconf 84' lang='lat' dir='ltr'><strong>de</strong></span> <span class='ocrx_word' id='word_1_115' title='bbox 1119 2697 1284 2756; x_wconf 76' lang='lat' dir='ltr'><strong>sublevando</strong></span> <span class='ocrx_word' id='word_1_116' title='bbox 1296 2717 1340 2755; x_wconf 77' lang='lat' dir='ltr'><strong>te-</strong></span> 
     </span>
     <span class='ocr_line' id='line_1_18' title="bbox 311 2780 1019 2852; baseline 0 -18"><span class='ocrx_word' id='word_1_117' title='bbox 311 2799 394 2852; x_wconf 70' lang='lat' dir='ltr'><strong>gnam</strong></span> <span class='ocrx_word' id='word_1_118' title='bbox 404 2781 439 2836; x_wconf 79' lang='lat' dir='ltr'><strong>ab</strong></span> <span class='ocrx_word' id='word_1_119' title='bbox 450 2799 531 2835; x_wconf 86' lang='lat' dir='ltr'><strong>onere</strong></span> <span class='ocrx_word' id='word_1_120' title='bbox 540 2780 672 2834; x_wconf 76' lang='lat' dir='ltr'><strong>ulum</strong></span> <span class='ocrx_word' id='word_1_121' title='bbox 682 2793 708 2834; x_wconf 86' lang='lat' dir='ltr'><strong>et</strong></span> <span class='ocrx_word' id='word_1_122' title='bbox 717 2781 829 2835; x_wconf 61' lang='lat' dir='ltr'><strong>mmm</strong></span> <span class='ocrx_word' id='word_1_123' title='bbox 841 2793 1019 2838; x_wconf 77' lang='lat' dir='ltr'><strong>exactionum.</strong></span> 
     </span>
    </p>
   </div>
   <div class='ocr_carea' id='block_1_5' title="bbox 276 2959 1429 3990">
    <p class='ocr_par' dir='ltr' id='par_1_5' title="bbox 276 2959 1429 3990">
     <span class='ocr_line' id='line_1_19' title="bbox 325 2959 1342 3060; baseline -0.004 -20"><span class='ocrx_word' id='word_1_124' title='bbox 325 2966 417 3040; x_wconf 88' lang='lat' dir='ltr'><strong>Cum</strong></span> <span class='ocrx_word' id='word_1_125' title='bbox 430 2979 551 3040; x_wconf 88' lang='lat' dir='ltr'><strong>autem</strong></span> <span class='ocrx_word' id='word_1_126' title='bbox 567 2964 687 3040; x_wconf 85' lang='lat' dir='ltr'><strong>adhuc</strong></span> <span class='ocrx_word' id='word_1_127' title='bbox 701 2963 841 3037; x_wconf 88' lang='lat' dir='ltr'><strong>Parisiis</strong></span> <span class='ocrx_word' id='word_1_128' title='bbox 858 2977 950 3036; x_wconf 89' lang='lat' dir='ltr'><strong>esset</strong></span> <span class='ocrx_word' id='word_1_129' title='bbox 965 2987 1049 3036; x_wconf 93' lang='lat' dir='ltr'><strong>cum</strong></span> <span class='ocrx_word' id='word_1_130' title='bbox 1062 2987 1107 3036; x_wconf 91' lang='lat' dir='ltr'><strong>eo</strong></span> <span class='ocrx_word' id='word_1_131' title='bbox 1120 2959 1342 3060; x_wconf 78' lang='lat' dir='ltr'><strong>Burgundio·</strong></span> 
     </span>
     <span class='ocr_line' id='line_1_20' title="bbox 277 3076 1341 3178; baseline -0.002 -26"><span class='ocrx_word' id='word_1_132' title='bbox 277 3103 366 3160; x_wconf 80' lang='lat' dir='ltr'><strong>num</strong></span> <span class='ocrx_word' id='word_1_133' title='bbox 382 3079 468 3173; x_wconf 86' lang='lat' dir='ltr'><strong>dux,</strong></span> <span class='ocrx_word' id='word_1_134' title='bbox 485 3105 570 3154; x_wconf 90' lang='lat' dir='ltr'><strong>cum</strong></span> <span class='ocrx_word' id='word_1_135' title='bbox 586 3081 719 3154; x_wconf 85' lang='lat' dir='ltr'><strong>comite</strong></span> <span class='ocrx_word' id='word_1_136' title='bbox 735 3079 782 3152; x_wconf 82' lang='lat' dir='ltr'><strong>de</strong></span> <span class='ocrx_word' id='word_1_137' title='bbox 800 3077 998 3166; x_wconf 71' lang='lat' dir='ltr'><strong>Charolou,</strong></span> <span class='ocrx_word' id='word_1_138' title='bbox 1013 3078 1089 3176; x_wconf 81' lang='lat' dir='ltr'><strong>ejus</strong></span> <span class='ocrx_word' id='word_1_139' title='bbox 1107 3076 1195 3170; x_wconf 84' lang='lat' dir='ltr'><strong>titio,</strong></span> <span class='ocrx_word' id='word_1_140' title='bbox 1208 3091 1243 3150; x_wconf 89' lang='lat' dir='ltr'><strong>et</strong></span> <span class='ocrx_word' id='word_1_141' title='bbox 1259 3101 1341 3178; x_wconf 89' lang='lat' dir='ltr'><strong>pro·</strong></span> 
     </span>
     <span class='ocr_line' id='line_1_21' title="bbox 276 3191 1429 3294; baseline -0.003 -28"><span class='ocrx_word' id='word_1_142' title='bbox 276 3191 418 3267; x_wconf 84' lang='lat' dir='ltr'><strong>ceribus</strong></span> <span class='ocrx_word' id='word_1_143' title='bbox 434 3193 522 3286; x_wconf 90' lang='lat' dir='ltr'><strong>suis,</strong></span> <span class='ocrx_word' id='word_1_144' title='bbox 541 3197 662 3294; x_wconf 90' lang='lat' dir='ltr'><strong>ipsum</strong></span> <span class='ocrx_word' id='word_1_145' title='bbox 682 3219 751 3294; x_wconf 90' lang='lat' dir='ltr'><strong>pro</strong></span> <span class='ocrx_word' id='word_1_146' title='bbox 767 3193 952 3268; x_wconf 90' lang='lat' dir='ltr'><strong>nonnullis</strong></span> <span class='ocrx_word' id='word_1_147' title='bbox 966 3192 1093 3267; x_wconf 84' lang='lat' dir='ltr'><strong>officiis</strong></span> <span class='ocrx_word' id='word_1_148' title='bbox 1110 3207 1216 3292; x_wconf 88' lang='lat' dir='ltr'><strong>atque</strong></span> <span class='ocrx_word' id='word_1_149' title='bbox 1232 3191 1340 3267; x_wconf 87' lang='lat' dir='ltr'><strong>rebus</strong></span> <span class='ocrx_word' id='word_1_150' title='bbox 1422 3231 1429 3242; x_wconf 50' lang='grc' dir='ltr'><em>ι</em></span> 
     </span>
     <span class='ocr_line' id='line_1_22' title="bbox 277 3308 1340 3409; baseline 0.002 -27"><span class='ocrx_word' id='word_1_151' title='bbox 277 3309 378 3406; x_wconf 82' lang='lat' dir='ltr'><strong>regni</strong></span> <span class='ocrx_word' id='word_1_152' title='bbox 414 3309 714 3409; x_wconf 73' lang='lat' dir='ltr'><strong>gubernationem</strong></span> <span class='ocrx_word' id='word_1_153' title='bbox 746 3309 1047 3384; x_wconf 87' lang='lat' dir='ltr'><strong>concernentibus</strong></span> <span class='ocrx_word' id='word_1_154' title='bbox 1078 3309 1241 3407; x_wconf 81' lang='lat' dir='ltr'><strong>rogavit3</strong></span> <span class='ocrx_word' id='word_1_155' title='bbox 1276 3308 1340 3384; x_wconf 86' lang='lat' dir='ltr'><strong>sed</strong></span> 
     </span>
     <span class='ocr_line' id='line_1_23' title="bbox 279 3425 1340 3527; baseline -0.001 -30"><span class='ocrx_word' id='word_1_156' title='bbox 279 3425 368 3498; x_wconf 88' lang='lat' dir='ltr'><strong>nibil</strong></span> <span class='ocrx_word' id='word_1_157' title='bbox 390 3451 531 3519; x_wconf 88' lang='lat' dir='ltr'><strong>eorum,</strong></span> <span class='ocrx_word' id='word_1_158' title='bbox 550 3452 619 3527; x_wconf 93' lang='lat' dir='ltr'><strong>pro</strong></span> <span class='ocrx_word' id='word_1_159' title='bbox 636 3427 769 3526; x_wconf 90' lang='lat' dir='ltr'><strong>quibus</strong></span> <span class='ocrx_word' id='word_1_160' title='bbox 788 3440 988 3524; x_wconf 81' lang='lat' dir='ltr'><strong>rogaverat,</strong></span> <span class='ocrx_word' id='word_1_161' title='bbox 1010 3425 1224 3526; x_wconf 88' lang='lat' dir='ltr'><strong>impetravit.</strong></span> <span class='ocrx_word' id='word_1_162' title='bbox 1245 3429 1340 3500; x_wconf 84' lang='lat' dir='ltr'><strong>Inter</strong></span> 
     </span>
     <span class='ocr_line' id='line_1_24' title="bbox 277 3539 1338 3643; baseline 0.001 -30"><span class='ocrx_word' id='word_1_163' title='bbox 277 3555 404 3616; x_wconf 80' lang='lat' dir='ltr'><strong>caetera</strong></span> <span class='ocrx_word' id='word_1_164' title='bbox 420 3541 515 3616; x_wconf 85' lang='lat' dir='ltr'><strong>fama</strong></span> <span class='ocrx_word' id='word_1_165' title='bbox 528 3541 730 3643; x_wconf 90' lang='lat' dir='ltr'><strong>percrebuit</strong></span> <span class='ocrx_word' id='word_1_166' title='bbox 741 3541 855 3641; x_wconf 90' lang='lat' dir='ltr'><strong>quod,</strong></span> <span class='ocrx_word' id='word_1_167' title='bbox 868 3565 936 3641; x_wconf 90' lang='lat' dir='ltr'><strong>pro</strong></span> <span class='ocrx_word' id='word_1_168' title='bbox 951 3539 1173 3617; x_wconf 74' lang='lat' dir='ltr'><strong>sublevando</strong></span> <span class='ocrx_word' id='word_1_169' title='bbox 1190 3565 1338 3640; x_wconf 84' lang='lat' dir='ltr'><strong>regnum</strong></span> 
     </span>
     <span class='ocr_line' id='line_1_25' title="bbox 277 3656 1338 3758; baseline 0.003 -29"><span class='ocrx_word' id='word_1_170' title='bbox 277 3681 387 3730; x_wconf 91' lang='lat' dir='ltr'><strong>onere</strong></span> <span class='ocrx_word' id='word_1_171' title='bbox 401 3658 535 3732; x_wconf 85' lang='lat' dir='ltr'><strong>militiae</strong></span> <span class='ocrx_word' id='word_1_172' title='bbox 554 3673 590 3732; x_wconf 91' lang='lat' dir='ltr'><strong>et</strong></span> <span class='ocrx_word' id='word_1_173' title='bbox 606 3658 836 3752; x_wconf 81' lang='lat' dir='ltr'><strong>tributorum,</strong></span> <span class='ocrx_word' id='word_1_174' title='bbox 859 3659 894 3732; x_wconf 89' lang='lat' dir='ltr'><strong>ei</strong></span> <span class='ocrx_word' id='word_1_175' title='bbox 910 3681 1034 3758; x_wconf 87' lang='lat' dir='ltr'><strong>preces</strong></span> <span class='ocrx_word' id='word_1_176' title='bbox 1048 3656 1338 3735; x_wconf 79' lang='lat' dir='ltr'><strong>atteenosissime</strong></span> 
     </span>
     <span class='ocr_line' id='line_1_26' title="bbox 278 3773 1334 3870; baseline -0.002 -24"><span class='ocrx_word' id='word_1_177' title='bbox 278 3775 434 3866; x_wconf 61' lang='lat' dir='ltr'><strong>fecissen</strong></span> <span class='ocrx_word' id='word_1_178' title='bbox 458 3775 522 3848; x_wconf 90' lang='lat' dir='ltr'><strong>sed</strong></span> <span class='ocrx_word' id='word_1_179' title='bbox 538 3801 606 3850; x_wconf 89' lang='lat' dir='ltr'><strong>nec</strong></span> <span class='ocrx_word' id='word_1_180' title='bbox 628 3777 665 3850; x_wconf 88' lang='lat' dir='ltr'><strong>in</strong></span> <span class='ocrx_word' id='word_1_181' title='bbox 683 3775 774 3870; x_wconf 83' lang='lat' dir='ltr'><strong>hoc,</strong></span> <span class='ocrx_word' id='word_1_182' title='bbox 793 3774 909 3847; x_wconf 90' lang='lat' dir='ltr'><strong>necin</strong></span> <span class='ocrx_word' id='word_1_183' title='bbox 931 3773 1024 3870; x_wconf 79' lang='lat' dir='ltr'><strong>aliis,</strong></span> <span class='ocrx_word' id='word_1_184' title='bbox 1053 3774 1241 3854; x_wconf 76' lang='lat' dir='ltr'><strong>exauditus</strong></span> <span class='ocrx_word' id='word_1_185' title='bbox 1258 3773 1334 3845; x_wconf 80' lang='lat' dir='ltr'><strong>suit.</strong></span> 
     </span>
     <span class='ocr_line' id='line_1_27' title="bbox 278 3891 1338 3990; baseline -0.002 -26"><span class='ocrx_word' id='word_1_186' title='bbox 278 3893 494 3966; x_wconf 87' lang='lat' dir='ltr'><strong>Promiserat</strong></span> <span class='ocrx_word' id='word_1_187' title='bbox 509 3918 589 3987; x_wconf 81' lang='lat' dir='ltr'><strong>ren,</strong></span> <span class='ocrx_word' id='word_1_188' title='bbox 605 3891 694 3965; x_wconf 91' lang='lat' dir='ltr'><strong>dum</strong></span> <span class='ocrx_word' id='word_1_189' title='bbox 709 3891 829 3966; x_wconf 85' lang='lat' dir='ltr'><strong>adhuc</strong></span> <span class='ocrx_word' id='word_1_190' title='bbox 844 3891 880 3962; x_wconf 92' lang='lat' dir='ltr'><strong>in</strong></span> <span class='ocrx_word' id='word_1_191' title='bbox 897 3892 1000 3964; x_wconf 86' lang='lat' dir='ltr'><strong>terris</strong></span> <span class='ocrx_word' id='word_1_192' title='bbox 1017 3893 1126 3990; x_wconf 91' lang='lat' dir='ltr'><strong>ipsius</strong></span> <span class='ocrx_word' id='word_1_193' title='bbox 1140 3891 1241 3966; x_wconf 90' lang='lat' dir='ltr'><strong>ducis</strong></span> <span class='ocrx_word' id='word_1_194' title='bbox 1251 3895 1338 3962; x_wconf 88' lang='lat' dir='ltr'><strong>Bur-</strong></span> 
     </span>
    </p>
   </div>
   <div class='ocr_carea' id='block_1_6' title="bbox 238 4109 1338 4372">
    <p class='ocr_par' dir='ltr' id='par_1_6' title="bbox 238 4109 1338 4372">
     <span class='ocr_line' id='line_1_28' title="bbox 275 4109 1334 4193; baseline 0.001 -20"><span class='ocrx_word' id='word_1_195' title='bbox 275 4131 333 4192; x_wconf 85' lang='lat' dir='ltr'><strong>que</strong></span> <span class='ocrx_word' id='word_1_196' title='bbox 349 4111 615 4193; x_wconf 83' lang='lat' dir='ltr'><strong>Philippe-Marie,</strong></span> <span class='ocrx_word' id='word_1_197' title='bbox 631 4112 687 4173; x_wconf 84' lang='lat' dir='ltr'><strong>duc</strong></span> <span class='ocrx_word' id='word_1_198' title='bbox 701 4111 739 4172; x_wconf 89' lang='lat' dir='ltr'><strong>de</strong></span> <span class='ocrx_word' id='word_1_199' title='bbox 752 4109 858 4188; x_wconf 81' lang='lat' dir='ltr'><strong>Milan,</strong></span> <span class='ocrx_word' id='word_1_200' title='bbox 880 4113 931 4172; x_wconf 70' lang='lat' dir='ltr'><strong>ebt</strong></span> <span class='ocrx_word' id='word_1_201' title='bbox 944 4111 1031 4173; x_wconf 72' lang='lat' dir='ltr'><strong>uisse</strong></span> <span class='ocrx_word' id='word_1_202' title='bbox 1044 4133 1082 4174; x_wconf 78' lang='lat' dir='ltr'><strong>aa</strong></span> <span class='ocrx_word' id='word_1_203' title='bbox 1100 4113 1157 4174; x_wconf 75' lang='lat' dir='ltr'><strong>(bre</strong></span> <span class='ocrx_word' id='word_1_204' title='bbox 1173 4113 1334 4188; x_wconf 71' lang='lat' dir='ltr'><strong>d’Orlems,</strong></span> 
     </span>
     <span class='ocr_line' id='line_1_29' title="bbox 238 4203 1338 4372; baseline 0.004 -110"><span class='ocrx_word' id='word_1_205' title='bbox 238 4229 240 4234; x_wconf 96' lang='lat'>·</span> <span class='ocrx_word' id='word_1_206' title='bbox 274 4221 447 4372; x_wconf 49' lang='lat' dir='ltr'><strong>ppppnepplu.</strong></span> <span class='ocrx_word' id='word_1_207' title='bbox 463 4207 520 4264; x_wconf 86' lang='lat' dir='ltr'><strong>Sur</strong></span> <span class='ocrx_word' id='word_1_208' title='bbox 533 4217 608 4264; x_wconf 77' lang='lat' dir='ltr'><strong>cette</strong></span> <span class='ocrx_word' id='word_1_209' title='bbox 620 4203 737 4273; x_wconf 70' lang='lat' dir='ltr'><strong>affaire,</strong></span> <span class='ocrx_word' id='word_1_210' title='bbox 747 4221 817 4284; x_wconf 78' lang='lat' dir='ltr'><strong>roy.</strong></span> <span class='ocrx_word' id='word_1_211' title='bbox 830 4221 866 4262; x_wconf 83' lang='lat' dir='ltr'><strong>ee</strong></span> <span class='ocrx_word' id='word_1_212' title='bbox 877 4222 936 4282; x_wconf 70' lang='lat' dir='ltr'><strong>(pre</strong></span> <span class='ocrx_word' id='word_1_213' title='bbox 947 4203 1073 4264; x_wconf 78' lang='lat' dir='ltr'><strong>Peuteur</strong></span> <span class='ocrx_word' id='word_1_214' title='bbox 1082 4203 1126 4264; x_wconf 79' lang='lat' dir='ltr'><strong>tn</strong></span> <span class='ocrx_word' id='word_1_215' title='bbox 1138 4205 1204 4284; x_wconf 88' lang='lat' dir='ltr'><strong>plus</strong></span> <span class='ocrx_word' id='word_1_216' title='bbox 1216 4205 1288 4278; x_wconf 86' lang='lat' dir='ltr'><strong>loin,</strong></span> <span class='ocrx_word' id='word_1_217' title='bbox 1299 4225 1338 4266; x_wconf 76' lang='lat' dir='ltr'><strong>aa</strong></span> 
     </span>
    </p>
   </div>
   <div class='ocr_carea' id='block_1_7' title="bbox 0 0 1706 5186">
    <p class='ocr_par' dir='ltr' id='par_1_7' title="bbox 0 0 1706 5186">
     <span class='ocr_line' id='line_1_30' title="bbox 0 0 1706 5186; baseline 0 1"><span class='ocrx_word' id='word_1_218' title='bbox 0 0 1706 5186; x_wconf 95' lang='lat' dir='ltr'><strong> </strong></span> 
     </span>
    </p>
   </div>
  </div>
 </body>
</html>
