3402 5186
392 543 429 598 68
660 541 918 600 fflsrontauutt
937 539 1115 598 LUDOVICI
1134 539 1177 595 Xl

391 700 460 772 que
482 698 610 772 magna
628 672 817 746 satellitum
834 685 974 744 caterva
991 672 1158 770 stipatus,
1180 687 1447 758 convenerunt,

390 806 426 862 et
434 777 522 877 illie,
536 791 669 889 pariter
680 788 828 861 remotis
843 785 996 876 arbitris,
1012 786 1186 885 plurimos
1199 786 1354 859 invicem
1369 788 1450 859 mis·

389 931 495 980 cuere
512 930 706 978 sermones.
728 903 866 992 Quibus
884 902 1009 992 linitis,
1030 903 1138 974 veluti
1157 926 1227 1000 pax
1244 917 1280 975 et
1296 903 1451 977 amicitia

389 1023 482 1096 bene
507 1025 689 1118 integratur
713 1036 820 1119 atque
841 1021 1043 1092 instauratae
1068 1033 1205 1110 essent,
1235 1003 1384 1118 uterque
1410 1021 1448 1091 in

390 1139 535 1237 propria
552 1163 589 1210 se
605 1138 751 1236 recepit.

438 1257 481 1326 Et
505 1255 556 1326 sic
579 1253 626 1324 ab
649 1252 802 1325 invicem
826 1250 1063 1323 discesserunt
1070 1277 1080 1340 ;
1104 1264 1141 1322 et
1165 1249 1312 1348 quidem
1336 1248 1450 1322 soedus

389 1370 576 1466 antiquum
605 1368 854 1440 continuatum
881 1365 937 1438 vel
963 1378 1198 1438 restauratum
1227 1363 1343 1436 verbis
1373 1389 1448 1437 esse

389 1485 564 1557 intereos
586 1485 720 1583 potuit,
740 1483 808 1556 'sed
830 1482 1008 1573 amicitiae,
1032 1483 1141 1554 semel
1160 1481 1286 1554 dirutae
1306 1481 1362 1554 vel
1384 1481 1449 1554 im-

389 1601 493 1694 datae,
508 1602 645 1674 sincera
657 1599 854 1672 concordia
864 1597 1008 1670 difficile
1019 1622 1177 1696 unquam
1192 1613 1313 1696 postea
1325 1623 1451 1670 recon-

391 1717 501 1789 ciliari
523 1730 683 1816 possunt.
706 1715 828 1809 Unde,
850 1740 934 1788 cum
951 1713 1094 1786 fratrem
1111 1713 1260 1786 haberet
1276 1739 1313 1786 se
1327 1714 1449 1811 junio-

390 1856 466 1903 rem
491 1832 566 1928 ipse
593 1855 655 1902 rex
682 1829 870 1921 Castellae¹,
896 1853 1006 1928 quem
1031 1852 1102 1900 una
1127 1826 1234 1900 factio
1259 1853 1448 1927 procerum

391 1948 490 2043 regui
507 1946 674 2018 libentius
690 1946 728 2017 in
749 1969 869 2043 regem
887 1944 1124 2034 sublimasset,
1146 1961 1197 2036 et,
1221 1970 1286 2043 per
1303 1945 1392 2036 hoc,
1413 1947 1448 2016 iu

391 2077 555 2159 apertum
572 2061 970 2160 manifestissimumque
983 2060 1170 2133 dissidium
1188 2059 1358 2132 adversus
1374 2060 1451 2134 lra-

392 2192 481 2248 trem
500 2200 601 2250 suum
622 2200 742 2274 regem
761 2175 938 2249 adductus
960 2190 1072 2262 esset,
1092 2175 1177 2248 huic
1195 2176 1358 2249 fraternae
1378 2176 1450 2248 dis·

392 2292 548 2363 sensioni
572 2292 627 2363 vel
650 2291 859 2387 exordium,
886 2292 942 2365 vel
969 2291 1016 2365 ad
1040 2293 1230 2364 minianum
1251 2291 1450 2364 fomentum

394 2406 622 2504 favoremque
640 2433 746 2482 suum
756 2409 971 2500 Ludovicus,
992 2433 1052 2480 rex
1063 2413 1296 2501 Francorum,
1315 2411 1447 2508 praesti·

394 2525 474 2596 tissa
490 2523 681 2599 ferebatur.

678 2913 681 2920 ι
746 2813 1000 2886 carrruuuu
1024 2817 1099 2886 xx.

393 3007 539 3076 Quomodo
559 3025 647 3061 comes
664 3005 698 3060 de
718 3007 846 3062 Obarolois
863 3027 952 3080 regem
967 3010 1083 3064 Turonis
1097 3010 1230 3065 visitatum
1245 3013 1331 3085 venit,
1347 3015 1390 3067 eui
1408 3035 1453 3068 rex

432 3089 586 3142 vicariatum
598 3085 717 3158 regendo
733 3100 758 3140 et
773 3085 985 3142 administranda
997 3091 1168 3144 Noa-mannia
1182 3089 1269 3158 dedit,
1292 3093 1343 3146 sibi
1359 3113 1454 3167 magna

430 3169 556 3241 pensione
566 3167 722 3234 constitum
736 3185 794 3238 qun
808 3168 899 3222 omnia
909 3168 934 3223 ei
946 3169 1032 3223 statim
1046 3169 1154 3225 ademit.

446 3352 534 3419 Cum
547 3361 666 3417 autem
678 3347 906 3419 eaVasconia
917 3347 954 3419 in
967 3350 1152 3422 Franciam
1169 3374 1331 3424 reversus
1351 3356 1456 3426 esset¹

398 3477 434 3537 et
446 3466 598 3535 'lamnis
611 3477 673 3535 aut
688 3464 725 3534 in
738 3464 863 3536 vicinis
878 3463 1027 3537 castellis
1038 3481 1169 3562 ageret,
1185 3466 1232 3540 ad
1246 3492 1330 3540 eum
1344 3469 1456 3542 visen·

399 3582 486 3654 dum
509 3581 836 3681 honorandumque
859 3583 1023 3674 Carolus,
1050 3582 1143 3656 lilius
1165 3585 1292 3658 unicus
1314 3586 1457 3660 illustris

400 3696 565 3796 Philippi,
581 3696 875 3794 Burgundionum
887 3697 1001 3790 ducis,
1014 3700 1170 3811 accessit.
1182 3701 1249 3773 Cui
1260 3700 1453 3799 (sivevere,

399 3820 481 3890 sive
495 3818 658 3891 simulate
678 3817 749 3892 hoc
767 3834 902 3918 ageret,
926 3820 1102 3894 incertum
1127 3837 1214 3895 tunc
1239 3821 1458 3920 habebatur)

398 4026 429 4083 la
448 4022 629 4104 negociation
653 4022 724 4082 dans
746 4021 775 4082 le
801 4025 954 4082 commines
979 4023 1016 4083 de
1038 4023 1160 4106 Lenglm
1178 4026 1359 4104 Dulresnoy‚
1379 4038 1401 4084 t.
1416 4029 1456 4101 11,

399 4137 430 4196 p.
451 4117 508 4174 376
522 4126 551 4173 et
564 4113 640 4175 suiv.

441 4209 471 4270 l.
494 4211 559 4265 Don
572 4203 729 4284 alphonse.
939 4276 942 4285 Ι

441 4295 470 4353 2.
494 4299 539 4352 Au
554 4293 626 4351 mois
636 4291 672 4350 de
683 4289 777 4364 inillet
789 4293 877 4349 1463.
