3282 5168
380 493 437 550 ³22
648 488 907 548 HISTORIARUM
927 488 1106 546 LUDOVICI
1125 488 1169 544 XI

269 643 271 648 '
378 624 536 696 eminere
550 620 744 695 videretur.
762 624 853 693 Cum
869 620 1084 719 imperatore
1101 636 1178 694 tum
1194 623 1301 694 etiam
1318 621 1440 694 adlue-

378 755 463 812 runt
487 739 524 809 in
550 737 740 834 magnifico
758 751 793 808 et
809 717 1014 811 honorabili
1038 750 1131 808 statu
1148 737 1267 834 plures
1293 740 1441 810 Germa·

376 857 443 928 niae
460 857 659 956 principes,
680 869 754 927 tam
771 853 941 959 electores
958 853 1054 924 Sacri
1075 853 1217 951 lmperii
1238 877 1346 950 quam
1363 854 1437 946 alii,

376 999 468 1072 quos
481 975 676 1073 imperator
694 970 739 1043 ad
756 995 793 1041 se
810 968 1020 1042 sociandum
1037 969 1258 1042 accersierat.

373 1089 375 1096 '
424 1095 509 1163 Erat
533 1091 727 1188 imperator
749 1086 949 1185 hospitatus
968 1086 1006 1158 in
1029 1087 1160 1185 palatio
1183 1086 1442 1185 archiepiscopi

374 1206 610 1320 treverensis,
638 1204 712 1275 dux
728 1227 814 1275 vero
833 1202 1047 1301 Burgundios
1063 1217 1161 1275 extra
1178 1226 1301 1277 muros
1317 1203 1441 1276 civita·

377 1324 439 1413 tis,
458 1325 495 1396 iu
512 1319 733 1394 monasterio
750 1320 1086 1409 Sancti-Maximini,
1106 1319 1208 1415 cujus
1230 1332 1442 1418 procurator

374 1453 410 1511 et
427 1451 610 1536 protector
625 1461 700 1508 esse
718 1435 841 1527 sertor,
862 1435 909 1507 ad
927 1457 1070 1509 causam
1084 1448 1185 1506 terrae
1201 1460 1272 1508 suae
1288 1439 1441 1510 laurem-

375 1554 573 1652 burgensis.

426 1671 537 1766 lgitur
553 1694 636 1740 cum
653 1668 790 1766 aliquot
810 1667 1056 1740 detrivissent¹
1079 1668 1115 1739 in
1137 1692 1179 1739 ea
1200 1669 1341 1741 civitate
1364 1669 1442 1743 dies

377 1810 453 1858 sese
470 1785 626 1857 vicissim
646 1782 837 1875 visitando,
858 1797 896 1855 ut
917 1784 975 1881 jus
997 1809 1039 1856 ac
1060 1784 1182 1857 titulus
1198 1785 1299 1858 ducis
1323 1787 1359 1858 in
1378 1787 1441 1860 illo

377 1900 510 1974 ducatu
528 1901 699 1991 Geldriae,
714 1925 822 1998 quem
835 1924 963 1997 nuper,
982 1915 1022 1971 ut
1038 1900 1210 1992 diximus,
1233 1905 1342 1974 armis
1357 1928 1443 1976 cou-

378 2019 571 2116 quisierat,
606 2016 717 2112 magis
751 2040 793 2087 ac
827 2016 938 2111 magis
967 2015 1035 2088 sibi
1069 2017 1300 2090 invalesceret
1334 2039 1442 2118 atque

378 2133 607 2223 validaretur,
628 2129 742 2202 voluit
759 2130 860 2203 illum
878 2132 925 2203 ab'
946 2132 1180 2232 imperatore,
1200 2148 1371 2232 tanquam
1388 2162 1443 2208 su·

379 2270 505 2346 premo
537 2244 632 2317 leodi
660 2245 830 2335 domino,
865 2247 1040 2344 recipere,
1070 2262 1177 2346 atque
1207 2247 1362 2322 hominii
1389 2277 1443 2326 sa·

380 2373 563 2432 eramento
594 2385 661 2458 pro
697 2385 741 2433 eo
776 2361 957 2460 praestit0,
995 2362 1039 2433 dc
1073 2362 1201 2434 eodem
1235 2365 1444 2439 solemniter

382 2475 551 2548 investiri.
571 2481 649 2549 Hoc
666 2475 812 2574 quidem
829 2477 1107 2576 praedecessores
1122 2479 1249 2578 aliqui,
1269 2483 1330 2578 qui
1344 2507 1445 2554 eum·

381 2593 464 2666 dem
501 2576 673 2666 ducatum
711 2594 1021 2688 administrarant,
1062 2595 1175 2668 lacere
1217 2613 1444 2698 contempse-

382 2727 463 2784 rant
489 2711 809 2813 vclnegligcntius
835 2713 1145 2808 praetermiserant.
1171 2717 1322 2812 Propter
1344 2716 1444 2811 quod

381 2830 448 2927 ipsi
470 2833 628 2924 Augusto
650 2853 692 2900 ea
710 2827 812 2902 ducis
837 2827 1042 2902 obedientia
1074 2830 1206 2928 gratior
1232 2831 1442 2924 exsistebat;

382 2942 484 3040 cujus
518 2945 624 3015 etiam
661 2966 757 3015 nova
788 2943 1014 3038 investitura,
1044 2960 1215 3044 tanquam
1251 2947 1445 3046 imperialis

383 3057 479 3131 leodi
505 3058 592 3130 olim
618 3057 729 3140 adse
752 3083 795 3129 ex
818 3083 1065 3158 possessorum
1097 3063 1259 3159 neglectu
1288 3064 1443 3160 legitime

358 3168 563 3266 devoluti,
594 3175 676 3272 jure
707 3173 904 3248 firmiorem
938 3177 1080 3250 titulum
1111 3178 1195 3251 duci
1227 3181 1444 3276 acquisitura

380 3292 585 3390 putabatur.

430 3409 539 3505 Igitur
551 3423 591 3480 ut
603 3406 778 3480 celebrius
794 3407 1046 3515 hujuscemodi
1060 3412 1270 3485 investitura
1280 3427 1315 3486 et
1331 3439 1446 3488 sacra·

381 3525 493 3595 menti
509 3523 660 3596 hominii
686 3526 883 3623 praestatio’
906 3527 1044 3598 cunctis
1067 3528 1343 3622 innotescerent,
1370 3545 1445 3604 tam

381 3639 427 3711 ad
444 3641 634 3737 augustalis
652 3641 973 3714 manifestationem
1000 3657 1035 3714 ct
1061 3646 1371 3718 conservationem
1388 3647 1444 3719 di·

382 3757 542 3856 gnitatis,
571 3781 680 3855 quarn
711 3757 820 3830 etiam
843 3759 954 3858 ipsius
981 3758 1082 3832 ducis
1102 3759 1193 3857 juris
1219 3777 1326 3860 atque
1351 3763 1444 3836 tituli

381 3874 555 3973 majorem
572 3873 837 3967 notorietatem,
859 3875 958 3971 jussu
979 3876 1203 3975 imperatoris
1219 3877 1442 3979 dejectorum

340 4189 344 4196 ,
420 4134 448 4189 l.
471 4133 636 4190 Detrivr'sset
649 4128 721 4188 dans
734 4129 762 4188 le
775 4148 830 4192 ms.

420 4222 449 4279 2.
473 4223 603 4278 Patmeto
619 4218 691 4278 dans
705 4219 733 4278 le
747 4237 801 4276 ms.
