3402 5186
371 513 409 570 48
645 508 901 609 fflsrotttttttttt
920 507 1097 566 LUDOVICI
1116 509 1161 570 XI

373 638 599 714 Edoardum¹
622 638 740 740 pulso,
766 641 804 716 in
831 640 986 713 Scotiam
1014 638 1241 736 confugerat,
1264 637 1437 713 sublima·

372 758 507 829 tionem
524 770 560 829 et
580 757 851 856 provectionem
877 755 1048 828 Ludovici
1071 755 1109 827 in
1133 779 1254 850 regern
1280 760 1436 828 Franco·

371 897 472 968 rum,
493 887 529 944 et
545 871 645 970 quod
666 897 777 968 regno
794 886 946 969 paterno
969 869 1116 970 pacifice
1141 871 1331 970 potiretur,
1356 896 1436 970 spe·

372 1012 454 1061 rans
471 988 552 1084 jure
583 988 752 1061 naturalis
778 987 1056 1086 propinquitatis
1073 1001 1119 1058 ‘et
1144 987 1432 1077 necessitudinis,

371 1103 417 1177 ab
439 1103 567 1176 eodem
585 1103 831 1176 subventionis
856 1102 978 1174 solatia
1001 1103 1230 1192 adinvenire,
1249 1128 1292 1174 ex
1318 1103 1439 1176 Scotia

371 1219 409 1292 in
437 1221 623 1293 Franciam
646 1218 795 1317 trajecit.
824 1222 932 1324 Erant
948 1218 1046 1290 enim
1069 1233 1143 1290 tam
1163 1218 1240 1316 ejus
1259 1220 1312 1290 vir
1326 1243 1437 1316 quam

372 1333 448 1434 ipsa
465 1359 629 1434 peraeque
644 1333 852 1408 consobrini
870 1333 1061 1428 Ludovici,
1079 1338 1299 1407 Francorum
1320 1334 1432 1430 regis;

371 1475 458 1524 nam
480 1453 532 1525 uti
559 1451 762 1525 Ludovious
786 1464 821 1522 et
851 1450 1025 1522 Henricus
1045 1464 1148 1523 erant
1173 1450 1236 1522 filii
1258 1450 1373 1522 fratris
1401 1464 1436 1522 et

371 1567 521 1660 sororis,
549 1569 598 1640 ita
617 1568 714 1641 idem
731 1565 933 1640 Ludovicus
951 1581 986 1638 et
998 1569 1209 1662 Margareta,
1225 1567 1347 1664 regina
1366 1570 1435 1638 An-

373 1680 462 1779 gliae,
482 1699 582 1757 erant
599 1683 662 1756 filii
678 1683 812 1756 sororis
827 1695 862 1754 et
882 1681 1010 1754 iratris.
1028 1683 1118 1756 Nam
1134 1706 1195 1754 rex
1215 1680 1353 1771 Siciliae,
1372 1683 1437 1752 tte-

372 1813 492 1890 natus,
514 1814 616 1899 pater
637 1813 713 1872 erat
734 1797 844 1896 ipsius
861 1798 1010 1895 reginae;
1030 1799 1138 1871 Maria
1153 1822 1257 1892 vero,
1276 1795 1436 1894 ejusdem

373 1917 497 1988 Renati
514 1942 630 2010 soror,
649 1915 820 1988 Ludovici
843 1931 918 1988 erat
941 1930 1076 2008 mater;
1093 1931 1128 1989 et
1144 1917 1236 1988 sicut
1250 1915 1435 1988 Ludovico

371 2031 541 2125 Carolus,
562 2037 782 2104 Francorum
797 2056 881 2124 rex,
898 2033 1038 2130 genitor
1056 2033 1187 2126 luerat,
1212 2035 1259 2106 ita
1286 2048 1322 2106 et
1340 2037 1435 2106 Hen-

371 2146 466 2237 rico,
483 2146 679 2245 Anglorum
693 2146 788 2243 regi,
807 2145 997 2222 Catharina
1012 2164 1138 2238 mater,
1159 2174 1262 2222 soror
1275 2148 1436 2247 ejusdem

370 2262 501 2335 Caroli.
1368 2253 1372 2262 ’

420 2375 479 2448 Ob
498 2376 563 2450 has
580 2377 857 2480 propinquitatis
873 2380 1173 2471 necessitudines,
1191 2379 1355 2476 Carolus,
1372 2380 1437 2453 ad·

372 2493 445 2567 buc
463 2520 571 2592 agens
586 2495 821 2588 inhumanis,
842 2497 1028 2572 miseratus
1039 2512 1146 2572 tantae
1160 2512 1279 2572 ettam
1292 2500 1437 2600 propin·

371 2635 449 2707 quae
464 2636 536 2686 suae
551 2612 867 2711 consanguinitatis
887 2638 1009 2688 casum
1032 2613 1243 2706 adversum,
1266 2638 1374 2712 opem
1388 2613 1439 2686 eis

370 2723 484 2817 serre,
503 2742 543 2800 ut
559 2729 596 2801 in
612 2754 764 2825 regnum
782 2729 1066 2824 restituerentur,
1087 2755 1305 2829 magnopere
1328 2729 1436 2805 attec-

371 2840 489 2934 tabat,
510 2846 617 2918 totius
632 2846 733 2940 regni
751 2859 786 2917 et
802 2847 1002 2919 amicorum
1018 2845 1154 2919 viribus
1177 2846 1215 2919 id
1235 2845 1335 2919 brevi
1354 2870 1438 2944 pro·
1539 2869 1542 2876 ·

369 2982 510 3057 ponens
537 2959 722 3058 perficere.
756 2959 865 3056 Cujus
882 2963 1147 3036 exsecutionem
1170 2988 1254 3035 cum
1276 2962 1438 3035 infaustae

369 3099 441 3147 suec
471 3075 597 3148 mortis
625 3091 908 3174 preoccupasset
935 3093 1103 3171 eventus,
1141 3076 1334 3178 sperabant
1369 3079 1438 3177 ipsi

370 3215 482 3290 regno
503 3192 640 3265 exsules
655 3217 698 3264 ac
718 3191 861 3292 profugi
884 3192 1192 3289 benevolentiam,
1209 3221 1319 3293 quam
1339 3194 1437 3293 apud

370 3323 510 3406 patrem
533 3308 771 3402 invenissent,
796 3311 903 3384 etiam
919 3313 1016 3410 apud
1039 3312 1153 3386 filium
1172 3313 1237 3410 (ut
1252 3337 1318 3412 par
1335 3311 1436 3407 erat)

371 3427 504 3498 servari
521 3439 558 3498 et
573 3427 777 3499 continuari
795 3426 974 3502 debuisse.

420 3542 512 3612 Cum
529 3554 649 3613 autern
673 3542 719 3614 ad
736 3567 819 3615 eum
837 3543 914 3644 ipsa
930 3547 1054 3644 regina
1069 3547 1270 3620 accessisset
1278 3548 1300 3642 ¹,
1319 3543 1437 3618 verbis

371 3653 519 3754 quidem
544 3669 579 3730 et
609 3656 864 3758 sponsionibus
884 3661 968 3734 satis
991 3660 1148 3760 benigne
1169 3677 1316 3761 excepta
1340 3660 1437 3734 vide-

415 3921 443 3978 l.
467 3906 604 3978 E'douard
618 3917 737 3980 d’Yorlr.

411 4009 442 4072 2.
464 4013 510 4068 Au
528 4009 600 4068 mois
618 4007 654 4069 de
678 4009 743 4086 juin
764 4011 853 4071 tres.
880 4011 903 4070 ll
920 4031 939 4089 y
961 4031 978 4070 a
1001 4029 1041 4070 un
1058 4011 1143 4070 truite
1160 4010 1312 4072 d’alliance
1332 4009 1435 4070 conclu

371 4115 424 4176 par
437 4097 493 4158 elle
507 4117 545 4158 au
559 4117 628 4156 nom
644 4096 680 4159 de
693 4096 785 4158 llenri
798 4101 847 4171 vt,
862 4117 934 4158 avec
947 4098 975 4158 le
989 4099 1033 4158 roi
1046 4097 1084 4159 de
1097 4102 1217 4174 Franco,
1228 4103 1245 4159 a
1257 4105 1361 4176 Tours,
1378 4100 1436 4159 ala

370 4184 436 4246 dcte
452 4187 493 4247 du
511 4189 550 4247 28
571 4187 647 4265 juin.
671 4187 792 4268 Lenglet
815 4188 994 4267 Duiresnoy,
1014 4193 1167 4250 Memor'res
1186 4193 1224 4249 de
1241 4193 1378 4268 Ptrtope
1399 4191 1436 4247 de

371 4277 539 4351 Commium,
554 4289 576 4336 t.
593 4281 634 4354 11,
649 4299 680 4358 p.
697 4279 766 4336 367.
1023 4267 1028 4277 ’
