3384 5184
356 513 417 598 ιιι
631 463 1147 570 msroumuumnouuxr

407 644 480 733 Qui
507 642 614 716 etiam
642 640 879 714 Dinantenses
893 639 942 712 ¹in
966 653 1105 712 tantum
1133 641 1360 741 procacitatis
1383 657 1420 716 et

358 758 509 838 vesaniae
525 769 794 857 proruperunt,
824 769 865 826 ut
884 755 959 826 ausi
987 754 1060 828 sint
1079 756 1309 830 simulacrum
1333 783 1420 859 prae·

359 875 421 947 sati
453 873 595 946 illustris
621 872 761 946 comitis
785 871 832 944 de
861 870 1044 942 ctalorois
1065 873 1102 942 in
1130 870 1277 970 publica
1301 871 1420 972 platea

356 989 412 1062 sui
427 989 588 1088 oppidi¹,
612 1003 733 1062 erecto
749 985 933 1086 patibul0,
956 986 1195 1085 suspendere,
1219 1002 1256 1062 et
1274 989 1418 1088 publice

356 1107 580 1206 proclamare
612 1119 647 1179 et
682 1102 872 1176 decantare
902 1102 1057 1176 irrisorie
1086 1128 1151 1202 per
1173 1117 1289 1178 totum
1311 1131 1418 1180 suum

357 1221 555 1321 oppidum;
593 1235 630 1293 et
651 1220 831 1292 orationes
857 1231 893 1291 et
917 1217 1083 1317 sullragia
1106 1245 1173 1318 pro
1197 1221 1273 1316 ejus
1297 1223 1419 1298 anima

357 1337 496 1429 fierent,
514 1337 599 1436 qui¹
618 1338 655 1410 in
675 1334 837 1437 patibulo
857 1335 1057 1430 Parisiensi,
1079 1336 1177 1409 dicto
1194 1338 1419 1412 Mons-falco-

356 1457 442 1548 nis⁸,
459 1479 652 1555 suspensus
667 1453 771 1526 soret.
791 1451 898 1544 Quod
915 1475 1024 1550 quam
1039 1476 1164 1530 verum
1176 1467 1281 1543 esset,
1294 1478 1419 1552 quam·

356 1595 427 1670 que
447 1571 486 1643 id
508 1569 555 1644 ab
578 1569 662 1669 ipsis
689 1568 894 1641 stultissime
918 1582 1025 1664 atque
1053 1569 1276 1642 insanissime
1297 1583 1418 1643 actum

355 1685 545 1778 exstiterit,
573 1684 660 1784 ipsi,
685 1681 850 1755 nondum
868 1706 1016 1755 emenso
1034 1681 1163 1756 exinde
1183 1684 1270 1756 anni
1289 1684 1417 1784 integri

356 1799 559 1895 curriculo,
582 1823 648 1872 suo
665 1812 772 1894 atque
789 1798 844 1870 sui
857 1797 1102 1897 superbissimi
1119 1798 1246 1898 oppidi
1262 1799 1368 1872 exitio
1383 1813 1418 1871 et

354 1916 525 1990 incendio
546 1912 849 2014 comprobarunt,
866 1927 905 1986 ut
917 1927 1044 2012 postea
1055 1939 1122 1988 suo
1137 1916 1220 1989 loco
1238 1916 1346 1991 etiam
1364 1941 1419 1990 re·

357 2030 524 2105 letemus.

718 2343 976 2416 CAPITULUM
1001 2345 1061 2414 lX.

355 2551 397 2604 De
408 2547 554 2606 reddentia
566 2549 635 2604 lacta
642 2544 837 2602 Leodiensibns
846 2564 896 2619 per
905 2543 1002 2604 ducem
1012 2545 1188 2619 Burgundin3
1198 2557 1225 2603 et
1235 2549 1422 2622 pacificatione

390 2628 559 2703 interregem
571 2628 757 2702 etprincipes;
770 2627 894 2683 etreditu
906 2629 1010 2684 comitis
1022 2629 1056 2684 de
1074 2631 1141 2686 star
1142 2631 1204 2684 olcis
1214 2630 1250 2686 ad
1261 2645 1342 2690 ῑιπιιι
1358 2631 1418 2710 [pa-

391 2711 438 2766 tris
449 2730 490 2765 ιιιι
480 2707 515 2785 i]·
529 2723 555 2765 et
565 2709 714 2766 delectione
725 2709 802 2765 ducis
812 2710 942 2765 Borbonii
952 2730 969 2765 a
980 2710 1079 2766 ceteris
1089 2711 1176 2784 princi
1169 2711 1284 2786 pibus⁴.

359 3010 512 3099 dienses,
529 3023 638 3108 rupto
654 3008 954 3082 inconsultissime
971 3001 1043 3083 suae
1059 3013 1157 3112 pacis
1172 3026 1208 3086 et
1224 3014 1421 3112 tranquilli.

359 3126 439 3201 tatis
456 3124 611 3212 loedere,
637 3148 702 3222 per
720 3147 841 3222 regem
857 3122 977 3197 adhuc
992 3125 1127 3199 incitati
1149 3141 1186 3202 et
1207 3128 1416 3224 sollicitati‘,

399 3361 428 3416 l.
450 3361 515 3416 Non
529 3375 581 3436 pas
594 3355 666 3416 dans
678 3353 708 3415 l''
700 3353 840 3416 mterieur
850 3354 887 3416 de
899 3355 927 3416 la
939 3357 1022 3434 ville,
1035 3361 1116 3420 selon
1128 3361 1251 3439 Jacques
1263 3359 1418 3439 noctemq,

358 3447 430 3506 mais
441 3465 479 3506 au
492 3446 615 3520 dehors,
630 3445 667 3508 de
683 3445 841 3506 menies-ea
855 3447 916 3509 dtre
928 3468 984 3510 vus
998 3404 1036 3508 de
1049 3467 1124 3509 ceux
1140 3448 1177 3510 de
1194 3450 1338 3512 Bouvines
1345 3450 1421 3530 ,qui

357 3547 400 3596 est
413 3553 471 3594 une
485 3535 574 3615 petite
588 3493 658 3596 ville
673 3535 765 3596 situde
777 3534 814 3594 de
827 3533 847 3594 l'
849 3547 932 3597 autre
945 3537 1009 3598 cote
1022 3537 1060 3597 de
1073 3537 1103 3598 la
1116 3541 1233 3614 Mense,
1248 3551 1277 3600 et
1289 3539 1366 3602 alors
1379 3539 1420 3600 du

358 3623 494 3686 domaine
508 3622 549 3684 du
562 3624 620 3685 duc
633 3625 670 3686 de
683 3629 868 3708 Bourgogne.

397 3717 428 3774 2.
452 3715 606 3774 Peut-dtre
627 3723 721 3794 quasi·

399 3806 430 3866 3.
452 3803 651 3864 Mondaucon.

399 3897 428 3955 4.
450 3893 585 3974 Chapitre
599 3890 698 3973 publii
712 3893 783 3954 daus
796 3895 1003 3972 l'Amplissr'ma
1016 3898 1154 3972 collectio,
1170 3908 1191 3957 t.
1206 3899 1257 3976 IV,
1274 3898 1331 3960 col.
1349 3903 1418 3962 746.

400 3985 430 4046 t.
450 3985 553 4042 Adhuc
566 3995 610 4042 est
622 3981 659 4043 de
673 3993 739 4064 trop
753 3982 824 4044 dans
837 3983 866 4043 la
879 3983 1002 4064 phrase3
1022 3985 1043 4046 il
1062 3985 1188 4046 faudrait
1201 3986 1296 4067 plntdt
1312 4003 1342 4048 ut
1356 3991 1421 4048 dic·

359 4087 417 4133 tum
433 4089 485 4134 ese.
507 4075 530 4133 Il
544 4093 581 4146 ne
595 4073 679 4153 s’agit
690 4093 742 4159 pas
756 4073 793 4134 de
806 4074 957 4135 nouvelles
973 4075 1142 4138 demarchos
1161 4076 1242 4138 saites
1256 4094 1309 4158 par
1322 4078 1351 4138 le
1364 4077 1420 4146 roi.

358 4167 413 4224 Les
434 4163 566 4246 Liegeois
584 4163 738 4244 agissaient
754 4184 791 4224 en
805 4177 890 4224 vertu
903 4164 943 4224 du
957 4164 1039 4226 unite
1052 4167 1138 4245 qu’ils
1154 4167 1271 4227 avaient
1284 4167 1336 4228 fait
1350 4188 1422 4230 avec

359 4251 400 4312 lui
414 4253 543 4333 pendant
554 4253 583 4312 la
600 4273 704 4333 guerre
717 4252 757 4313 du
770 4253 840 4314 Bien
852 4254 969 4334 public,
988 4267 1017 4315 et
1031 4254 1101 4316 dont
1113 4257 1133 4316 il
1150 4277 1167 4318 a
1180 4258 1225 4318 dte
1238 4257 1319 4339 parle
1333 4259 1421 4321 d'une
