3014 5010
508 443 618 502 LIBER
637 442 787 499 PRIMUS.
1136 444 1174 500 40

120 580 240 667 batur,
258 576 446 671 statimque
458 598 478 644 a
492 573 673 645 liudovico
686 570 815 668 regalia
826 598 889 669 per
902 586 1014 643 totum
1027 597 1176 667 regnum

120 692 288 766 mandata
312 704 576 788 processerunt,
603 689 803 759 intimantia
827 686 979 782 qualiter
998 711 1059 758 rex
1083 692 1177 758 Hen-

120 810 195 882 rico
223 823 259 878 et
287 807 415 900 reginae
446 804 595 902 praelatis
626 803 755 875 auxilia
784 804 891 873 totins
921 804 1018 897 regni
1046 803 1178 876 viribus

121 938 283 1024 prestare
302 935 337 995 et
352 921 485 992 bellum
505 919 673 991 Edoardo
695 919 824 989 inferre
840 917 1069 1005 decernebat3
1090 946 1179 1018 prae·

121 1038 286 1138 cipiendo
303 1035 470 1109 omnibus
486 1037 585 1133 regni
599 1035 820 1133 principibus
834 1050 868 1106 et
880 1036 1036 1106 vassallis
1046 1060 1087 1106 ac
1099 1036 1180 1107 sub-

121 1152 203 1225 ditis
216 1153 500 1250 quibuscumque
512 1164 547 1222 et
559 1150 815 1247 cujuscumque
827 1164 935 1221 status
951 1165 1012 1221 aut
1024 1153 1180 1222 eminen-

120 1271 176 1342 tiae
200 1270 334 1358 forent,
355 1282 531 1365 quatenus
555 1267 690 1339 eisdem
711 1266 785 1359 regi
813 1265 967 1337 Henrico
993 1280 1029 1336 et
1052 1267 1181 1363 reginae

120 1408 338 1482 suammque
364 1380 562 1456 fautoribus
591 1397 625 1453 et
654 1379 887 1452 sectatoribus
916 1383 1071 1477 partium
1101 1406 1180 1452 orn·

121 1524 204 1572 nem
222 1500 381 1572 savorem
404 1519 586 1592 omneque
608 1495 839 1593 humanitatis
863 1520 904 1567 ac
926 1495 1181 1568 benevolentiae

121 1614 279 1687 officium
310 1614 537 1704 exhiberent3
570 1612 606 1682 in
639 1610 845 1683 Edoardum
881 1625 1023 1704 autem,
1054 1637 1181 1683 eorum

121 1729 263 1802 hostem
285 1744 321 1802 et
336 1728 435 1824 regni
451 1729 653 1800 invasorem
676 1742 783 1824 atque
800 1742 1052 1824 occupatorem
1074 1728 1183 1824 injus·

124 1859 219 1936 tum,
254 1843 506 1941 studiososque
538 1858 573 1913 et
602 1843 804 1915 defensores
834 1867 978 1914 suarum
1005 1844 1180 1942 partium,

123 1962 247 2032 omnia
269 1960 363 2031 velut
379 1961 414 2031 in
439 1959 576 2032 hostem
597 1977 759 2058 gererent
781 1975 888 2057 atque
907 1975 1121 2032 exercerent.
1142 1965 1184 2030 Et

122 2074 193 2146 hoc
207 2075 351 2171 quidem
368 2075 478 2146 modo
493 2074 610 2147 verbis
622 2091 728 2173 atque
741 2076 934 2168 mandatis,
949 2076 1100 2175 praefatis
1111 2077 1184 2171 regi

123 2191 277 2260 Henrico
303 2204 338 2261 et
361 2190 435 2286 ejus
458 2190 622 2285 conjugi,
642 2189 832 2286 dupliciter
847 2191 920 2261 suis
937 2190 1181 2279 consobrinis,

124 2330 185 2376 rex
202 2311 420 2377 Francorum
438 2304 641 2376 Ludovicus
655 2305 782 2376 auxilia
794 2320 828 2376 et
841 2307 965 2378 solatia
978 2307 1128 2397 ferebat;
1145 2331 1184 2377 re

125 2435 243 2491 autem
271 2423 366 2518 ipsa,
395 2418 483 2515 quid
509 2420 630 2489 animo
648 2420 808 2514 gestiret,
837 2445 989 2516 quamve
1016 2437 1184 2492 constans

124 2537 160 2607 in
178 2536 280 2608 dictis
293 2537 544 2634 promissaeque
560 2534 643 2606 fidei
660 2548 763 2606 tenax
781 2551 888 2624 esset,
908 2551 1049 2607 secutus
1063 2561 1184 2607 rerum

123 2652 359 2723 manifestavit
376 2665 537 2723 eventus.

172 2772 255 2837 Erat
281 2781 356 2838 tum
382 2792 401 2837 e
429 2768 509 2862 luga
534 2781 569 2837 et
593 2764 736 2837 latebris
759 2767 928 2862 (quibus,
948 2768 1067 2837 surore
1093 2769 1184 2863 regis

124 2884 309 2978 saeviente,
329 2909 404 2955 sese
424 2882 587 2954 occulere
609 2905 751 2952 necesse
771 2881 966 2977 habuerat)
983 2884 1184 2979 quomodo-

123 3023 276 3096 cumque
292 3000 539 3071 reconciliatus
557 3013 722 3070 strenuus
739 2999 856 3088 miles,
873 2999 1040 3069 dominus
1058 3005 1182 3071 Petrus

125 3111 170 3184 de
185 3117 289 3185 Brezr'
299 3169 307 3204 ,
328 3115 373 3185 de
394 3139 466 3210 quo
487 3137 594 3210 supra
609 3113 863 3184 meminimus¹.
883 3119 985 3185 Hunc
1003 3114 1182 3212 perditum

124 3229 167 3301 iri
185 3233 331 3329 cupiens
356 3256 433 3318 rex,
457 3229 558 3325 quasi
586 3230 657 3299 suis
674 3228 899 3300 consobrinis
919 3231 1034 3301 valida
1052 3231 1181 3301 auxilia

126 3348 413 3433 transmissuruS,
445 3345 604 3439 trajicere
632 3345 667 3413 in
697 3346 852 3414 Scotiam
875 3346 1000 3440 jussit;
1027 3346 1087 3416 sed
1116 3371 1182 3416 nec

125 3463 273 3534 classem
285 3463 330 3553 ei,
346 3487 413 3532 nec
427 3461 587 3532 militiam
601 3461 770 3557 aliquam,
785 3486 847 3532 seu
862 3461 1116 3557 colligendam,
1136 3462 1182 3533 ad

125 3578 302 3676 stipendia
322 3575 494 3647 militibus
511 3574 691 3660 facienda,
708 3575 896 3673 pecuniam
910 3574 1064 3671 aliquam
1083 3578 1184 3647 mini-

126 3695 276 3766 stravit’.
294 3699 383 3765 Cum
401 3717 483 3764 vero
506 3691 565 3763 tali
587 3715 734 3762 munere
749 3690 813 3785 (sic
831 3691 1045 3789 imparatum
1061 3716 1183 3764 neces·

166 3920 194 3974 t.
218 3916 380 3991 Ci-dessus‚
394 3937 425 3995 p.
442 3924 470 3977 5.

167 4012 197 4068 2.
220 4009 242 4066 ll
259 4020 301 4067 est
315 4007 476 4079 demontre,
492 4029 545 4087 par
560 4027 601 4065 un
614 4018 676 4065 acte
691 4006 730 4064 du
743 4007 845 4065 Tresor
859 4006 910 4066 des
921 4006 1039 4066 Chartes
1053 4012 1064 4080 (
1068 4010 1085 4065 J
1088 4053 1096 4069 .
1110 4009 1184 4082 6⁴8,

126 4117 157 4157 n.
175 4100 227 4173 2),
245 4097 313 4174 qu'il
332 4100 413 4174 prete
430 4099 468 4155 20
483 4100 542 4154 000
559 4097 663 4165 livres,
684 4094 753 4153 dont
768 4095 861 4154 Calais
875 4095 972 4155 devait
985 4096 1090 4155 etrele
1104 4116 1184 4176 gage.

125 4187 277 4260 Michelet,
293 4190 417 4244 Histoire
432 4189 468 4242 de
481 4191 605 4262 France,
621 4199 641 4245 t.
657 4187 707 4260 vl,
723 4206 754 4263 p.
770 4187 818 4243 81.

286 4314 313 4351 ιι
1006 4294 1025 4349 l
