3282 5168
570 503 676 560 LIBER
692 499 856 559 TERTIUS.
1184 503 1241 562 273

187 653 242 707 tra
254 635 417 706 omnium
429 635 632 707 mortalium
644 633 853 733 opinionem
869 647 958 726 erat,
974 647 1012 705 ut
1022 633 1129 725 illud,
1141 635 1241 732 quod

187 748 254 820 sibi
274 749 463 846 contigisse
485 748 663 840 videmus,
684 747 860 820 ullatenus
881 773 946 847 per
965 773 1048 821 eum
1065 749 1188 847 perfici
1208 765 1243 821 ct

171 915 174 924 -
189 863 376 961 adimpleri
389 879 521 962 posset.
534 864 603 936 Sed
619 865 791 963 profecto,
801 863 1108 962 quemadmodum
1124 896 1142 935 u
1155 866 1243 938 nihil

187 978 306 1049 invitis
322 979 373 1051 sas
390 1004 609 1078 quemquam
625 978 736 1052 fidere
747 978 851 1070 divis,
866 1009 884 1045 »
904 979 953 1053 ita
968 980 1107 1053 volente
1118 985 1195 1053 Deo
1210 996 1245 1053 et

187 1093 264 1190 ejus
286 1093 498 1194 disponente
521 1094 747 1194 providentia
769 1093 822 1191 (in
848 1095 949 1191 cujus
971 1121 1082 1168 manu
1103 1113 1187 1169 sunt
1210 1111 1245 1169 et

188 1211 337 1309 imperia
359 1211 568 1306 hominum,
590 1226 641 1305 et,
665 1212 723 1284 cui
744 1210 917 1304 voluerit,
936 1211 992 1284 vel
1008 1214 1086 1304 dat,
1106 1213 1163 1284 vel
1181 1237 1245 1284 au·

189 1329 255 1402 sert
277 1343 339 1401 aut
359 1346 558 1430 permutat,
580 1345 643 1405 aut
664 1329 827 1401 transfert
846 1353 889 1401 ea
913 1330 1111 1402 secundum
1129 1329 1245 1401 consi-

187 1445 465 1518 liumaltissimae
478 1461 514 1519 et
531 1445 768 1518 inscrutabilis
785 1446 964 1544 sapientiae
980 1471 1051 1525 suae
1067 1461 1102 1517 et
1119 1471 1246 1518 secun·

189 1560 277 1632 dum
291 1559 458 1657 abyssum
472 1585 620 1632 suorum
627 1559 859 1658 judiciorum,
874 1583 952 1658 quae
963 1585 1102 1659 semper
1113 1562 1248 1659 absque

190 1674 263 1747 ulla
279 1674 502 1748 dubitatione
521 1676 617 1773 justa
637 1690 738 1769 sunt,
762 1672 845 1748 licet
864 1675 1074 1748 mortalibus
1093 1675 1248 1774 plerum-

188 1814 259 1887 que
286 1790 507 1888 incognita),
537 1790 625 1862 nihil
649 1788 868 1890 impossibile
891 1804 952 1862 aut
978 1790 1026 1862 ad
1050 1804 1246 1862 extremum

189 1902 332 1975 difficile
347 1905 538 1978 invenitur.

535 2232 791 2304 CAPlTULUlll
814 2231 905 2301 XlV.

186 2501 192 2512 ¹
246 2437 366 2506 Qualiter
378 2449 475 2510 treuga
486 2436 561 2490 sacta
571 2435 680 2489 suerunt
689 2434 759 2486 inter
768 2449 857 2504 regern
869 2446 896 2486 et
908 2431 1004 2488 ducem
1019 2432 1195 2506 burgundie,

494 2530 521 2570 et
533 2518 619 2570 soluta
631 2513 738 2569 obsidio
749 2512 941 2577 Ambianemis.

241 2714 311 2786 Sed
336 2713 427 2785 sorte
451 2710 637 2786 mirabitur
658 2710 836 2809 quispiam
856 2732 933 2802 cur,
954 2733 1037 2781 cum
1059 2734 1115 2782 res
1136 2727 1249 2807 gestas

195 2830 382 2922 Ludovici‚
401 2834 621 2902 blancorum
637 2827 746 2922 regis,
763 2825 957 2898 narrandas
971 2829 1248 2926 susceperimus,

193 2971 248 3018 res
271 2945 467 3044 Anglorum
491 2960 564 3018 tarn
593 2943 701 3040 longa
722 2942 899 3015 historicae
923 2943 1135 3015 narrationis
1161 2947 1252 3019 serie
1371 3005 1381 3026 ,

193 3061 364 3134 fuerimus
377 3062 566 3161 prosecuti.
581 3065 715 3133 Verum
731 3061 761 3132 si
779 3083 841 3149 ea,
858 3083 937 3157 quae
951 3059 1027 3156 jam
1045 3059 1247 3156 retulimus,

194 3192 313 3250 mente
330 3191 530 3272 teneantur,
551 3201 635 3249 cum
652 3175 709 3247 his
725 3200 804 3273 quae
821 3199 944 3247 sumus
959 3174 1077 3276 adbuc
1093 3175 1131 3248 iu
1148 3191 1252 3251 antea

193 3294 351 3384 relaturi,
364 3293 699 3370 convenientissime
713 3289 819 3364 rebus
830 3317 895 3390 per
909 3292 1132 3364 Ludovicum
1147 3295 1252 3391 gestis
1375 3330 1381 3341 ·

194 3411 234 3484 bi
246 3412 422 3510 anglicani
437 3409 609 3482 tumultus
625 3408 744 3480 civiles
755 3410 1002 3480 contentiones
1013 3409 1134 3481 inserti
1147 3411 1252 3484 luisse

94 3555 97 3560 ·
195 3527 412 3602 videbuntur
430 3554 438 3597 ι
456 3550 544 3599 nam
562 3524 609 3598 ab
624 3549 668 3596 eo
681 3524 864 3622 ipsiusque
880 3523 1126 3598 molitionibus
1142 3527 1252 3600 scede-

195 3667 306 3740 reque
328 3668 349 3716 a
369 3667 406 3715 se
419 3665 587 3741 percusso
608 3662 690 3711 cum
706 3638 867 3737 principe
883 3639 1018 3710 Walliae
1038 3653 1073 3712 et
1092 3665 1158 3712 suo
1178 3641 1251 3714 fido

195 3762 332 3855 amico,
353 3761 483 3834 comite
507 3759 552 3832 de
570 3755 736 3830 Warvz'eli
744 3759 766 3848 ²,
786 3755 910 3827 omnia
922 3754 1129 3853 hujusmodi
1146 3758 1254 3830 insor-

196 3879 296 3952 tunia
310 3877 468 3977 prolecta
480 3891 573 3948 sunt.
591 3871 694 3946 Unde
707 3873 899 3962 exstincto,
913 3884 953 3942 ut
967 3871 1139 3964 diximus,
1153 3875 1252 3971 prin-

194 3996 274 4096 cipe
299 3994 458 4089 Walliae,
487 3993 524 4064 in
553 3991 629 4087 ejus
654 3987 807 4062 archivis
836 4011 900 4060 seu
932 3987 1094 4062 scrinulis
1131 3988 1253 4062 litterae

237 4241 266 4296 l.
289 4231 455 4305 (li-desem,
473 4251 503 4308 p.
521 4230 577 4287 Μ
595 4241 624 4286 et
640 4227 716 4288 suiv.
820 4285 822 4288 ,
1060 4277 1063 4283 ,

355 4357 383 4394 ιι
1059 4338 1095 4394 18
