3402 5186
383 543 421 602 to
660 536 915 598 mstottttatttt
932 533 1110 593 Lunovtct
1129 532 1172 590 x1

381 674 590 750 auctoritate
606 664 822 770 procedere,
839 693 918 768 quae
932 667 1051 740 omnia
1069 663 1320 762 hujuscemodi
1335 665 1444 736 vecti·

383 791 471 890 galia
490 802 595 885 atque
612 809 723 860 onera
739 785 785 858 de
802 811 912 883 regno
936 785 1076 857 auferre
1102 781 1341 854 recentissime
1357 807 1444 881 pro-

382 907 548 995 misisset,
565 904 734 976 adversus
751 903 846 1001 ipsos
863 899 1054 990 officiales,
1076 901 1128 974 ira
1144 913 1181 970 et
1198 897 1443 995 indignatione

382 1021 553 1124 permoti,
571 1021 854 1110 insurrexerunt,
875 1016 1117 1115 eosdemque,
1136 1014 1204 1086 nisi
1224 1027 1362 1085 mature
1381 1039 1445 1112 per

383 1136 503 1235 lugam
537 1135 603 1208 sibi
642 1131 869 1208 consulentes
905 1156 981 1205 sese
1027 1131 1286 1219 occuluissent,
1323 1129 1444 1202 surore

382 1254 567 1345 saeviente,
603 1249 731 1350 procul
763 1247 874 1320 dubio
905 1249 1149 1346 peremissent.
1190 1244 1444 1318 Existimabam

382 1369 480 1442 enim
504 1391 562 1459 ea,
581 1389 661 1462 quae
676 1387 778 1460 agere
794 1361 1043 1452 inchoassent,
1065 1385 1192 1432 eorum
1214 1360 1362 1433 avaritia
1381 1383 1443 1430 seu

381 1482 578 1557 temeritate
602 1478 815 1578 procedere,
846 1503 919 1548 non
943 1477 1047 1575 jussu
1075 1476 1186 1574 regis,
1214 1476 1297 1574 qui,
1323 1475 1445 1575 paucis

381 1599 624 1699 proximisque
649 1608 731 1666 aute
748 1582 893 1687 diebus,
923 1594 974 1665 eis
1001 1592 1121 1692 palam
1150 1591 1328 1691 pollicitus
1356 1605 1447 1663 esset

382 1717 504 1790 omnia
529 1710 735 1810 hujusmodi
761 1708 944 1806 vectigalia
971 1709 1197 1807 exstinguere
1224 1723 1259 1781 et
1285 1707 1442 1781 abolere.

384 1832 487 1904 Unde
509 1832 546 1902 in
569 1829 700 1902 domus
728 1825 934 1898 officialium
955 1826 1162 1924 hujusmodi
1180 1826 1377 1917 irruentes,
1395 1824 1445 1895 eis

382 1948 530 2044 minime
556 1945 721 2044 repertis,
745 1945 930 2016 inventam
955 1943 1025 2014 illic
1053 1941 1333 2042 suppellectilem
1361 1941 1445 2012 diri·

383 2075 540 2163 puerunt
553 2075 589 2132 et
607 2060 754 2156 registra
770 2083 918 2132 suorum
943 2057 1146 2131 officiorum
1165 2058 1222 2130 vel
1245 2057 1448 2130 lacerarunt

384 2180 440 2251 vel
454 2190 673 2250 exusserunt.
695 2180 782 2264 Quae
801 2201 857 2248 res
881 2177 1058 2274 insignem
1077 2174 1174 2248 illarn
1193 2191 1228 2248 et
1253 2173 1449 2246 vetustissi-

385 2321 481 2368 mam
498 2293 624 2365 urhem
639 2294 675 2364 in
697 2317 866 2390 magnum
884 2293 1076 2366 discrimen
1094 2293 1366 2390 periculumque
1382 2291 1448 2365 ad·

383 2410 496 2483 duxit.
517 2408 615 2481 lllico
630 2409 728 2480 enim
742 2423 781 2480 ut
797 2409 873 2506 ejus
896 2412 947 2481 rei
965 2407 1059 2481 lama
1075 2407 1122 2480 ad
1140 2395 1247 2480 aures
1261 2407 1353 2505 regis
1368 2432 1448 2506 per·

383 2526 502 2619 venit,
522 2526 636 2596 missis
666 2525 878 2597 exercitibus
907 2539 942 2596 et
969 2525 1116 2624 copiosa
1148 2523 1288 2610 militia,
1320 2521 1447 2594 urbem

383 2643 497 2742 ipsam
512 2644 748 2716 exterminare
761 2643 1005 2744 proponebat,
1022 2644 1087 2715 nisi
1106 2641 1212 2714 celeri
1224 2640 1447 2740 poenitudine

383 2758 478 2831 cives
492 2758 558 2830 sibi
571 2761 718 2833 solerter
734 2761 982 2860 providentes,
998 2760 1110 2831 'tantis
1125 2758 1291 2857 periculis
1307 2757 1447 2830 obvias·

386 2895 477 2950 sent.
516 2883 606 2950 Cum
643 2880 762 2975 itaque
800 2878 975 2950 exercitus
1012 2901 1118 2974 agros
1151 2876 1284 2948 civitati
1313 2875 1450 2948 vicinos

384 3017 581 3094 pervagans
607 2992 733 3066 diebus
761 2995 884 3094 paucis
917 2993 1324 3092 populassct,.praesens
1348 3006 1384 3063 et
1412 2991 1448 3062 in

385 3109 522 3180 loribus
537 3110 728 3181 imminens
739 3111 904 3199 exitium,
920 3111 981 3206 qui
996 3109 1217 3207 potentiores
1230 3123 1266 3180 et
1284 3106 1449 3180 meliores

385 3227 421 3298 in
438 3227 579 3298 civitate
595 3241 716 3318 erant,
735 3228 984 3326 inspicientes,
1003 3251 1077 3298 sese
1103 3224 1215 3315 clam,
1244 3223 1351 3294 armis
1368 3247 1449 3294 cor·

385 3343 515 3441 reptis‚
547 3345 582 3413 iu
615 3368 730 3416 unum
759 3369 887 3440 agmen
909 3357 1104 3440 coegerunt
1130 3356 1184 3434 et,
1216 3339 1450 3438 apprehensis

385 3457 568 3528 nonnullis
584 3483 626 3529 ex
641 3458 863 3557 plebeiorum
879 3472 970 3530 statu
985 3512 996 3548 ,
1014 3457 1076 3554 qui
1090 3454 1274 3528 seditionis
1288 3468 1328 3526 et
1337 3454 1451 3526 insur-

387 3577 555 3648 rectionis
571 3577 669 3648 tactae
686 3594 850 3650 auctores
875 3577 1105 3670 exstitissent,
1125 3574 1300 3648 miserunt
1315 3573 1452 3669 legatos

387 3691 434 3765 ad
456 3691 566 3763 duces
587 3694 761 3766 exercitus
785 3707 820 3766 et
843 3693 1031 3790 magistros
1056 3690 1210 3762 militurn
1231 3689 1374 3762 veniam
1394 3712 1452 3760 ex·

387 3809 620 3909 postulantes.
644 3817 722 3882 Nou
747 3813 843 3882 eninr
868 3837 911 3882 ex
932 3810 1084 3882 civitatis
1108 3807 1367 3881 deliberatione
1390 3831 1450 3878 seu

386 3925 553 4016 decreto,
570 3929 624 3999 vel
640 3927 912 4000 assentientibus
926 3927 1086 3998 honestis
1103 3925 1259 4018 civibus,
1280 3924 1342 3997 sed
1367 3947 1452 4022 pau·

388 4067 514 4116 corum
527 4043 572 4116 de
583 4043 711 4116 humili
729 4043 833 4142 plebe
846 4045 1021 4146 suctione,
1038 4041 1170 4140 quibus
1182 4056 1259 4114 tum
1273 4039 1452 4111 honestio-

388 4158 507 4251 ribus,
528 4176 624 4232 metu
641 4175 846 4259 premente,
865 4158 1012 4233 facultas
1029 4183 1104 4230 non
1122 4157 1237 4230 luerat
1255 4155 1448 4244 obsistere,

390 4279 585 4350 tumultum
611 4276 823 4374 hujusmodi
858 4274 1070 4374 turbamque
1102 4274 1209 4346 luisse
1238 4272 1448 4362 suscitatos,
