3282 5168
396 495 452 550 att
666 489 922 548 fflsrotttntttttt
941 489 1120 548 Lunovtcr
1140 492 1183 548 xt

399 622 535 714 datam,
549 622 655 694 allata
665 623 809 694 Francis
824 622 961 721 ipsique
970 621 1206 719 Lotharingiae
1217 623 1302 696 duci
1314 624 1453 696 adforet

398 739 661 836 opportunitas,
680 736 780 833 quod
804 762 878 810 non
895 762 974 810 eam
991 737 1057 810 sibi
1075 753 1187 810 totam
1204 739 1422 835 subegerunt
1441 767 1449 810 ε

398 854 497 950 quod
516 853 642 951 procul
655 852 769 925 dubio
786 867 872 926 tunc
890 854 1023 952 absque
1040 879 1171 951 magno
1188 856 1347 951 negotio,
1359 879 1455 926 com-

387 973 496 1044 muni
512 972 676 1044 omnium
692 971 802 1042 ferme
820 972 1066 1062 aestimatione,
1081 971 1221 1044 efficere
1238 971 1450 1069 potuissent.

393 1089 483 1160 Satis
505 1089 603 1159 enim
619 1087 689 1158 hoc
705 1087 872 1158 convinci
890 1101 1032 1184 poterat
1057 1111 1100 1156 ex
1122 1085 1287 1158 facilitate
1312 1111 1383 1184 qna
1400 1111 1455 1158 ca·

395 1218 507 1274 strum
533 1202 769 1274 Petrae·Fortis
780 1206 802 1292 ¹,
829 1215 865 1272 et
893 1200 1066 1300 oppidula
1091 1201 1403 1274 Montis-Falconis
1420 1216 1455 1274 et

394 1317 600 1390 Danviller’
619 1319 676 1390 vel
696 1331 958 1416 expugnarunt,
978 1317 1033 1390 vel
1055 1317 1100 1389 ad
1128 1316 1352 1391 deditionem
1376 1341 1455 1389 coe·

395 1447 535 1530 gerunt.

442 1553 494 1622 Ex
512 1549 579 1624 alia
596 1551 681 1624 item
699 1563 813 1648 parte,
828 1573 952 1621 versus
969 1547 1246 1646 Lugdunensem
1263 1563 1299 1620 et
1315 1548 1454 1620 Borbo-

396 1665 555 1738 niensem
580 1666 807 1765 provincias,
833 1663 973 1736 validus
1002 1664 1133 1736 militiae
1157 1664 1261 1759 regiae
1280 1666 1455 1736 exercitus

396 1780 645 1878 burgundiam·
664 1781 771 1852 etiam
800 1781 950 1870 invasit,
976 1793 1011 1850 et
1047 1779 1148 1853 villas
1175 1793 1283 1876 atque
1311 1779 1456 1852 castella

393 1899 566 1998 plurima⁸
582 1900 686 1995 igne,
717 1897 810 1969 ferro
830 1911 866 1969 et
886 1897 1014 1997 praedis
1036 1894 1258 1995 populerunt
1279 1894 1352 1986 ibi,
1372 1923 1455 1971 cum

393 2015 441 2088 ad
465 2014 612 2086 tutelam
629 2015 750 2112 patriae
765 2019 904 2087 certum
919 2012 1053 2085 militiae
1074 2037 1146 2084 suae
1159 2037 1355 2084 numerum
1373 2039 1456 2088 curn

394 2128 576 2201 nobilibus
598 2143 633 2200 et
650 2128 780 2200 accolis
797 2142 911 2218 terra,
937 2153 1005 2227 pro
1022 2129 1261 2220 munimenta,
1281 2129 1355 2201 dux
1371 2133 1456 2201 Bur·

285 2299 316 2316 .,
394 2245 536 2342 gundiae
566 2245 786 2344 reliquisset,
817 2244 884 2316 sub
911 2245 1047 2317 ducatu
1073 2243 1213 2318 domini
1236 2243 1282 2316 de
1308 2249 1454 2342 Russy‘,

396 2359 458 2434 lilii
487 2363 628 2436 comitis
656 2360 910 2435 Sancti-Pauli
951 2363 1037 2459 (qui
1068 2379 1145 2434 erat
1173 2361 1457 2444 constabularius

394 2479 577 2574 Franciae),
598 2504 707 2577 quem
730 2493 766 2550 et
793 2477 1042 2572 marescallum
1059 2491 1095 2548 et
1111 2475 1391 2574 gubernatorem
1410 2478 1427 2548 l
1445 2519 1457 2531 ·

354 2633 359 2642 ·
395 2609 493 2667 cerat
512 2593 734 2690 Burgundiae.
756 2598 847 2665 Cum
865 2591 1130 2664 incursantibus
1147 2592 1299 2690 patriam
1315 2593 1458 2665 Francis

395 2713 471 2810 ipse
488 2713 605 2783 minus
620 2711 771 2810 provide
786 2710 833 2782 ad
845 2734 908 2782 eos
919 2707 1154 2808 depellendos
1166 2731 1243 2784 sese
1255 2708 1455 2805 objecisset,
1525 2720 1526 2726 ’
1603 2697 1604 2700 “

395 2828 440 2900 ab
460 2829 518 2901 xeis
533 2831 809 2920 circumventus,
839 2827 936 2900 caesis
952 2826 1116 2925 plurimis
1133 2825 1179 2898 de
1190 2850 1257 2899 suo
1274 2827 1456 2912 comitatu,

395 2961 521 3046 captus
538 2947 575 3018 in
593 2971 725 3026 eorum
739 2969 866 3017 manus
880 2944 982 3016 vivus
998 2941 1175 3038 devenit⁸.
1229 2951 1232 2956 '

445 3063 605 3160 Aggressi
629 3063 736 3135 etiam
758 3061 879 3150 luere,
905 3060 1070 3158 proxima
1093 3075 1176 3132 ante
1206 3060 1348 3155 hieme,
1372 3059 1459 3134 dum

396 3194 528 3278 treugae
545 3177 663 3253 adhuc
680 3190 868 3248 manerent
889 3177 983 3248 inter
999 3181 1156 3249 Francos
1174 3191 1210 3248 et
1228 3177 1459 3275 burgundio·

437 3428 466 3482 t.
492 3448 507 3479 ι
529 3423 671 3485 Raserent
693 3439 751 3481 une
775 3419 873 3501 place,
898 3421 1019 3501 appelee
1041 3421 1215 3495 Pierrefort,
1239 3419 1329 3484 assisa
1348 3425 1365 3480 4
1384 3422 1462 3484 deux

394 3512 486 3574 lienes
503 3513 540 3572 de
558 3517 669 3590 Nancy,
683 3511 735 3591 qui
752 3511 837 3572 estoit
850 3510 886 3571 de
901 3511 929 3572 la
947 3511 1041 3572 ducbc'
1055 3511 1092 3570 de
1104 3509 1321 3590 Luxernbourg.
1336 3535 1351 3564 s
1365 3515 1460 3586 (com.

396 3604 501 3676 mines,
514 3603 534 3661 l.
546 3606 597 3675 IV,
608 3623 631 3662 o
643 3607 691 3682 ιι.)
704 3603 778 3662 C'est
791 3602 926 3677 Piersort,
938 3601 1124 3676 aujourd’hui
1139 3600 1211 3660 dans
1224 3600 1252 3659 le
1263 3600 1462 3679 de'partement

396 3693 434 3755 de
445 3694 474 3753 la
487 3693 632 3755 Meurthe.

438 3787 467 3860 2.
491 3781 856 3862 Montanos-durgowe
869 3794 898 3842 et
909 3780 1097 3852 Damrillers,
1113 3778 1298 3855 aujourd’hui
1310 3781 1382 3842 dans
1395 3783 1460 3842 l’ar-

398 3873 610 3934 rondissement
623 3872 659 3932 de
673 3873 852 3950 Montmedy.

437 3965 467 4026 3.
488 3965 535 4031 ,On
557 3964 613 4022 cite
632 3961 704 4022 dans
726 3982 766 4023 un
789 3959 928 4021 memoire
944 3959 985 4020 du
1001 3972 1094 4040 temps
1113 3958 1363 4034 Bar-sur·Scine,
1385 3962 1460 4022 Chl-

397 4052 522 4114 tillon.et
534 4053 717 4131 Champlitte.
731 4050 853 4130 Iaenglet
873 4049 1049 4128 Dufreanoy,
1065 4051 1230 4124 commines,
1245 4063 1265 4110 t.
1279 4055 1333 4123 ΠΙ,
1346 4072 1376 4131 p.
1393 4053 1458 4111 ³21.

440 4146 469 4200 4.
492 4144 616 4218 Antoine
632 4141 669 4201 de
682 4141 899 4219 Luxembourg,
914 4151 1007 4199 comte
1023 4138 1060 4198 de
1074 4137 1199 4200 Bricnne
1214 4139 1294 4200 etde
1310 4143 1420 4218 Roucy.

440 4237 467 4294 4.
491 4232 612 4293 Combat
626 4231 662 4291 de
677 4231 764 4310 Gipy‚
780 4231 846 4310 pres
862 4228 898 4292 de
912 4230 1184 4305 Chateau-Chinon,
1199 4229 1227 4288 le
1241 4231 1281 4289 20
1293 4228 1360 4302 juin
1373 4229 1458 4290 tttt.
