3272 5182
382 585 441 642 260
656 579 914 640 HISTORIARUM
934 579 1113 639 LUDOVICI
1132 581 1175 637 XI

383 716 585 814 conscripta
601 715 685 808 sint,
700 713 819 786 adhuc
831 727 951 787 tamen
964 710 1153 803 nonnulla,
1173 711 1218 785 ad
1231 739 1304 785 suae
1318 740 1448 788 cumu-

383 831 460 904 lum
478 830 689 904 infelicitatis
705 829 990 926 agnoscendum,
1008 827 1235 902 annectenda
1250 845 1347 922 sunt,
1366 856 1449 929 quae

382 947 585 1047 superiores
606 946 727 1018 forsan
750 946 1016 1044 praeteritasque
1034 944 1109 1041 ejus
1128 944 1345 1017 calamitates
1362 947 1446 1017 vin-

382 1089 463 1137 cere
476 1077 513 1137 et
528 1087 696 1163 superare
712 1061 914 1135 videantur.

431 1185 511 1252 Non
533 1180 631 1252 enim
647 1177 723 1251 haec
745 1179 855 1276 ipsius
870 1176 992 1250 denuo
1017 1177 1143 1250 iterata
1159 1176 1345 1277 captivitas
1363 1175 1448 1249 linis

381 1297 413 1370 ei
439 1297 664 1370 miseriarum
692 1295 778 1387 fuit,
809 1295 873 1367 sed
902 1295 1078 1392 majorum
1112 1295 1232 1394 potius
1256 1293 1447 1392 quoddam

380 1411 476 1484 velut
509 1411 707 1484 recidivum
740 1409 943 1482 exordium.
982 1413 1071 1481 Nam
1104 1433 1188 1481 cum
1218 1408 1448 1481 intellexisset

381 1551 502 1600 comes
527 1526 573 1600 dc
598 1525 766 1600 Warvt‘clt
783 1551 866 1598 curn
889 1524 963 1597 suis
980 1523 1186 1596 Edoardum
1207 1549 1329 1596 versus
1349 1527 1448 1597 Lon·

381 1643 508 1716 donias
529 1644 745 1743 profectum,
765 1667 913 1742 sperans
938 1643 1040 1713 inea
1063 1639 1167 1734 urbe,
1185 1656 1266 1714 tum
1286 1642 1446 1731 Henrici,

380 1777 458 1835 tum
480 1763 536 1834 sui
561 1762 867 1859 contemplatione
894 1758 1032 1831 lavores
1057 1759 1236 1836 maximos¹
1260 1757 1446 1848 invenire,

380 1901 584 1973 arcemque,
594 1899 673 1973 quae
687 1873 969 1946 firmissimaillic
977 1875 1122 1962 exstitit,
1142 1900 1209 1973 pro
1226 1899 1353 1946 eorum
1364 1898 1449 1973 par-

380 1993 474 2093 tibus
492 1991 612 2064 adhuc
635 2006 776 2084 tenere,
797 2015 974 2088 posseque
994 1991 1031 2062 in
1058 2015 1100 2062 ca
1123 1988 1212 2062 urbe
1237 1989 1449 2064 Edoardum

380 2108 625 2208 improvidum
656 2122 763 2205 atque
790 2108 1007 2206 imparatum
1028 2107 1124 2205 vulgi
1154 2106 1276 2179 lavore
1302 2107 1450 2179 interci-

380 2251 466 2325 pere
494 2250 557 2298 seu
577 2222 774 2317 debellare,
795 2224 841 2297 de
869 2223 1128 2297 Conventrcnsi
1154 2223 1297 2294 civitate
1322 2223 1449 2323 copias

381 2341 517 2434 eduxit,
538 2355 573 2414 et
590 2365 713 2413 versus
726 2337 823 2412 illam
841 2340 1035 2412 maximam
1051 2337 1180 2412 urbem
1200 2339 1337 2436 regiam
1354 2362 1449 2412 con·

381 2457 452 2530 cito
472 2481 593 2556 gressu
610 2456 761 2554 trajecit.
781 2455 852 2528 Sed
870 2454 1096 2548 Edoardum,
1117 2454 1190 2526 suis
1214 2453 1364 2527 solerter
1385 2480 1450 2528 ex·

382 2574 578 2649 cubantem
603 2573 781 2674 periculis,
808 2573 1036 2672 propositum
1052 2570 1262 2668 hujusmodi
1278 2595 1449 2644 suorum·

382 2716 453 2788 que
470 2691 629 2764 hostium
646 2689 793 2763 minime
811 2688 993 2760 latuerunt
1018 2687 1204 2759 molimina
1230 2695 1337 2784 'atquc
1361 2689 1451 2758 insi·

383 2804 461 2877 diae.
499 2804 633 2878 Videus
665 2804 763 2875 enim
792 2803 869 2900 jam
899 2803 1189 2902 appropinquare
1215 2801 1337 2875 hostes
1363 2827 1450 2876 curn

383 2921 538 2993 exercitu
557 2918 690 3007 valido,
712 2920 788 3017 qui,
815 2920 976 3018 ipsismet
993 2917 1154 3013 testibus,
1175 2919 1320 3018 triginta
1336 2919 1451 2996 millia

385 3051 605 3109 armatorum
624 3059 817 3107 numerum
835 3034 1009 3123 faciebat,
1035 3033 1237 3134 impavidus
1256 3049 1363 3133 atque
1384 3036 1452 3109 im·

385 3154 613 3253 perterritus,
640 3150 777 3223 eductis
802 3151 847 3222 ad
868 3151 982 3249 ipsam
1004 3152 1137 3246 regiam
1161 3151 1274 3251 copiis
1295 3154 1384 3244 suis,
1412 3156 1450 3227 in

386 3293 605 3368 camposque
627 3265 772 3340 obviam
792 3267 843 3338 eis
859 3268 1054 3366 profectus,
1075 3267 1122 3341 ad
1141 3267 1267 3342 decern
1285 3268 1452 3346 milliaria

387 3385 515 3486 procul
528 3385 572 3456 ab
590 3383 681 3455 urbe
698 3397 813 3454 castra
826 3381 988 3456 locavit¹.

434 3505 518 3574 Erat
544 3499 732 3573 sabbatum
760 3513 922 3571 sanctum
951 3499 989 3572 in
1012 3499 1131 3599 vigilia
1162 3503 1324 3596 Paschae‚
1359 3503 1451 3579 dum

386 3616 592 3690 Londonias
616 3616 745 3709 exivit,
779 3630 815 3689 ct
837 3630 912 3689 tota
934 3631 1043 3689 nocte
1066 3642 1150 3690 cum
1173 3621 1329 3692 exercitu
1348 3623 1452 3720 cqui-

372 3737 485 3828 tavit,
504 3761 580 3809 x111.
608 3734 666 3808 dic
682 3735 817 3814 mensis¹
829 3734 1000 3833 praedicti,
1019 3733 1151 3807 scilicet
1166 3735 1305 3834 aprilis;
1327 3751 1363 3808 et
1380 3740 1451 3810 uti·

386 3879 457 3953 quc
480 3852 670 3927 sabbatum
693 3850 905 3950 praedictum
928 3865 964 3924 et
990 3865 1155 3924 sanctum
1183 3852 1325 3926 Paschae
1352 3853 1450 3926 diem

386 3984 668 4070 sequentemque
684 3968 807 4040 festive
835 3967 870 4038 in
891 3966 980 4039 urbe
1007 3981 1042 4040 et
1059 3968 1180 4066 quiete
1203 3967 1371 4042 libentius
1393 3997 1450 4043 ce·

387 4087 570 4178 lebrasset,
587 4086 639 4157 uti
654 4096 904 4184 proposuerat,
930 4081 1053 4154 sinon
1071 4082 1358 4158 adversariomm
1380 4084 1450 4158 sibi

390 4279 456 4400 ἔέιζ.
472 4291 633 4417 uuest
