3322 5172
618 567 728 624 unna
757 567 931 640 Qumrus.
1250 569 1302 627 aar

250 700 381 772 lactum
400 699 517 770 statim
539 698 628 770 alter
650 700 876 774 existimaret.
902 699 1006 772 Unde
1022 726 1105 774 cum
1124 704 1308 800 utriusque

248 817 415 912 gratiam,
442 814 704 913 captandorum
726 817 837 912 gratia
861 817 1063 907 lucrorum,
1088 817 1226 890 studuit
1249 844 1306 891 re-

247 942 401 1022 tentare,
417 929 513 1029 apud
525 929 730 1004 utrumlibet
739 932 864 1004 odium
876 946 984 1030 atque
996 933 1199 1006 inimicitias
1209 958 1307 1005 com·

248 1047 398 1144 paravit.

298 1165 548 1234 Verumtamen
571 1177 649 1234 esto
674 1163 793 1233 minus
813 1161 981 1260 provide,
1004 1162 1122 1234 minus
1139 1164 1301 1235 consulte

246 1279 282 1349 in
300 1277 356 1349 his
372 1301 448 1349 sese
465 1278 594 1373 egerit;
612 1293 688 1349 esto
704 1277 788 1350 duci
802 1279 1098 1376 Burgundionum
1114 1282 1170 1351 vel
1187 1280 1304 1350 inimi·

246 1417 326 1484 cus,
346 1393 402 1464 vel
418 1390 576 1490 perfidus
592 1393 782 1484 exstiterit,
800 1393 1085 1491 promissamque
1102 1408 1232 1468 anteat
1245 1420 1257 1490 J
1264 1419 1302 1465 u·

244 1521 359 1580 ratam
379 1506 490 1580 fidem
506 1533 580 1579 noo
598 1506 750 1578 fideliter
771 1531 812 1579 ae
834 1509 972 1581 sincere
993 1509 1059 1581 sibi
1081 1511 1272 1582 servaverit

244 1648 328 1696 cum
344 1639 464 1696 tamen
481 1623 528 1697 ad
544 1625 662 1723 ipsum
678 1647 721 1695 ex
740 1622 877 1695 ditione
892 1626 1002 1720 regis,
1023 1649 1131 1723 quem
1148 1626 1303 1699 acerbis-

245 1740 332 1810 sime
344 1739 522 1812 inlensum
534 1738 681 1830 sciebat,
697 1738 764 1811 sub
777 1740 1004 1839 amplissimis
1019 1743 1138 1831 etiam,
1159 1756 1198 1813 ut
1211 1742 1304 1814 lama

245 1853 328 1945 fuir,
354 1854 424 1927 sibi
444 1853 535 1928 datis
558 1868 594 1926 et
613 1856 773 1952 praestitis
795 1855 1042 1927 securitatibus
1065 1856 1300 1952 confugisset,

244 1971 405 2070 prolecto
420 1971 520 2067 quod
538 1996 622 2044 eum
641 1970 805 2043 manibus
822 1972 926 2068 regiis
938 1996 980 2044 ac
992 1971 1169 2070 potestati,
1189 1973 1302 2070 ruptis

244 2085 493 2182 hujuscemodi
512 2086 784 2177 securitatibus,
808 2085 1038 2159 cautionibus
1057 2111 1098 2160 ac
1121 2086 1193 2159 fide
1217 2112 1299 2179 sua,

242 2200 480 2290 contradidit,
500 2201 597 2300 apud
615 2227 741 2274 omnes
757 2201 884 2288 ferme,
902 2227 1058 2298 quorum
1076 2202 1120 2274 ad
1137 2203 1301 2274 notitiam

242 2341 284 2389 ea
310 2340 366 2388 res
388 2317 572 2414 pervenit,
599 2317 838 2414 turpissimam
861 2341 903 2388 ac
926 2317 1301 2414 ignominiosissimam
1415 2383 1419 2390 .

242 2429 398 2531 perfidiae
420 2445 530 2528 atque
555 2432 771 2528 proditionis
794 2431 971 2503 maculam
991 2447 1026 2502 et
1042 2447 1166 2504 notam
1184 2433 1299 2506 eidem

241 2547 326 2619 duci
344 2547 643 2644 Burgundionum
660 2547 800 2643 adjecit.
816 2551 888 2618 Nec
904 2561 986 2644 post
997 2572 1040 2619 ex
1053 2548 1223 2620 omnibus
1239 2574 1300 2622 co·

240 2661 384 2736 natibus
400 2677 436 2734 et
452 2663 589 2760 magnis
605 2660 905 2760 expeditionibus,
923 2685 1025 2758 quaS,
1042 2663 1123 2734 totis
1139 2678 1301 2735 contrac-

240 2779 284 2850 tis
302 2777 454 2868 viribus,
481 2779 516 2849 in
545 2792 655 2849 terras
677 2775 894 2847 Suitensium
916 2776 1056 2868 eduxit,
1077 2777 1174 2849 aliud
1191 2803 1300 2875 quam

238 2895 474 2990 ignominiam
496 2906 532 2965 et
551 2892 794 2992 irreparabilia
813 2891 961 2985 damna,
987 2893 1167 2991 usquead
1188 2910 1300 2966 extre·
1377 2959 1380 2968 .

241 3035 340 3082 mum
354 3035 461 3082 suum
484 3010 631 3082 exitium
652 3023 687 3080 et
703 3010 1065 3096 consummationem,
1090 3014 1294 3110 reportavit.

243 3129 284 3195 Et
298 3125 370 3198 boc
389 3151 433 3198 ex
449 3125 506 3198 his
523 3149 603 3224 quae
619 3123 768 3224 posthac
792 3125 971 3198 narranda
993 3149 1032 3197 se
1047 3124 1225 3219 ollerunt,
1249 3127 1301 3198 lu·

245 3241 419 3314 culentius
435 3241 633 3342 apparebit.

611 3499 865 3590 esuriuntur
890 3497 934 3566 v.

238 3695 356 3764 Qualiter
369 3693 424 3748 dux
440 3690 599 3764 Burgundira
617 3689 741 3744 adversus
756 3691 887 3744 Suitenses
902 3689 1098 3763 expeditionem
1114 3690 1209 3760 duxit;
1222 3705 1248 3745 et
1265 3691 1299 3745 de

274 3778 359 3849 prima
371 3775 456 3842 clade,
468 3793 546 3846 quam
559 3775 593 3826 ab
606 3773 644 3826 eis
659 3772 787 3846 suscepit;
800 3771 925 3843 quodque
936 3792 983 3827 rex
995 3775 1158 3829 Francorum
1168 3775 1299 3829 &ttinere

274 3857 462 3912 assitentibus
474 3855 498 3910 ei
510 3853 650 3908 consilium
663 3853 753 3911 dabat.

287 4044 479 4136 Postquam
504 4037 611 4133 igitur
633 4035 706 4107 dux
731 4035 960 4130 burgundiae,
989 4035 1178 4136 prulligato
1207 4032 1299 4105 duce

239 4154 486 4252 Lotbaringiae,
512 4153 574 4251 qui
599 4176 621 4225 a
644 4175 726 4249 rege
749 4165 835 4223 tunc
858 4148 957 4225 nulla
980 4150 1198 4222 defensionis
1214 4173 1300 4248 prae-

237 4271 325 4351 sidia
355 4272 513 4362 invenit,
546 4267 777 4363 Lotharingia
807 4281 843 4339 et
868 4267 1039 4339 comitatu
1072 4265 1299 4340 Validorum·
