3272 5182
370 427 429 486 att
480 486 482 494 s
641 424 894 484 mstuattnutt
912 425 1088 486 mnovtct
1106 428 1148 486 XI

329 645 333 650 ¹
370 560 413 634 lis
435 556 610 631 dictorum
632 557 794 630 locorum
819 557 950 630 civium
971 558 1111 631 animos
1133 559 1180 634 ad
1202 559 1431 635 deditionem

370 670 592 750 sollicitabat.
827 682 831 690 '

422 790 488 861 Cui
506 789 558 860 rei
579 787 740 884 gerendae
755 813 792 860 se
808 789 1007 860 ministrum
1023 803 1129 886 atque
1150 789 1431 863 instrumentum

372 904 452 975 seeit
486 927 607 975 eomes
638 902 895 995 Sancti-Pauli,
927 903 1276 977 connestabularius¹
1304 906 1431 979 dictus

373 1020 545 1110 Franciae;
575 1018 657 1115 qui,
680 1041 794 1116 prope
818 1016 1024 1114 hujusmodi
1053 1020 1211 1091 civitates
1232 1033 1268 1091 et
1290 1019 1432 1117 oppida

373 1133 535 1235 praesidia
557 1135 710 1208 militum
730 1132 896 1222 habens’,
919 1132 1036 1231 primo
1057 1133 1203 1230 quidem
1225 1132 1361 1206 civibus
1382 1159 1430 1206 ex

373 1251 542 1323 condicto
559 1249 757 1323 voluntarie
776 1273 814 1320 se
834 1249 1046 1321 dedentibus
1064 1263 1100 1321 et
1121 1248 1188 1321 sub
1204 1249 1336 1346 regiam
1349 1275 1431 1322 ma-

374 1391 463 1438 num
479 1365 724 1437 affectantibus
738 1363 873 1454 venire,
888 1364 1062 1463 oppidum
1074 1365 1371 1452 Sancti-Quintini
1386 1366 1429 1436 in

376 1479 618 1569 Viromandia,
638 1505 743 1580 supm
759 1481 993 1552 Summonam
1003 1481 1136 1554 flumen
1153 1481 1273 1567 situm,
1295 1482 1431 1580 recepit

375 1610 480 1695 atque
496 1595 687 1684 introivit⁸,
702 1619 785 1668 cum
798 1593 908 1684 nulla,
923 1610 962 1667 ut
978 1595 1143 1686 diximus,
1160 1595 1351 1695 postillam
1367 1623 1430 1669 so-

374 1715 529 1787 lemnem
553 1727 659 1810 atque
683 1727 756 1784 tam
777 1726 990 1801 reverenter,
1008 1709 1104 1809 apud
1123 1715 1316 1804 Peronam,
1335 1714 1431 1784 inter

376 1851 494 1926 regem
517 1831 733 1900 ancorum
754 1841 789 1898 et
810 1825 1019 1923 Burgundiae
1041 1825 1189 1915 ducem,
1207 1841 1430 1900 sacramento

377 1943 581 2016 solemniter
596 1940 772 2013 firmatam
785 1955 994 2040 perpetuam
1008 1964 1147 2039 pacem,
1164 1940 1365 2041 hostilium
1376 1957 1430 2014 at-

353 2059 356 2066 '
377 2055 628 2155 queinlerendi
637 2054 946 2128 bellidenuutiatio
957 2055 1074 2154 palam
1084 2058 1329 2155 praecessisset.
1342 2059 1430 2146 Quae

379 2173 408 2246 si
418 2171 661 2272 praecessisset,
674 2195 749 2242 non
766 2185 819 2244 est
834 2171 1078 2253 arbitrandum
1095 2171 1194 2271 quod
1208 2174 1430 2272 Burgundio·

379 2309 467 2358 num
477 2284 549 2357 dux
558 2283 807 2383 hujuscemodi
820 2286 995 2385 oppidum
1008 2299 1043 2359 et
1051 2286 1118 2359 alia
1128 2286 1312 2361 hostilium
1325 2304 1431 2362 terra·

380 2424 461 2471 rum
480 2400 679 2492 limitanea,
697 2400 832 2496 absque
845 2401 996 2475 militum
1013 2402 1184 2501 praesidiis
1200 2417 1235 2474 et
1248 2405 1429 2496 custodia,

382 2515 592 2615 reliquisset.

433 2629 554 2723 Unde,
585 2628 668 2702 licet
692 2628 941 2728 hujuscemodi
970 2632 1144 2732 oppidum
1164 2635 1226 2708 tali
1252 2634 1433 2708 maehina-

384 2759 506 2818 mento
525 2745 575 2816 sic
591 2743 637 2816 ab
658 2767 702 2817 eo
723 2743 925 2836 defecisset,
946 2770 1020 2818 non
1039 2749 1156 2820 statim
1175 2763 1295 2822 tamen
1315 2749 1434 2822 adhue

383 2981 416 3040 fit
427 2979 456 3040 le
466 2980 523 3040 due
535 2980 572 3040 de
584 2983 755 3059 Bourgogne
770 2997 829 3038 aux
842 2980 968 3059 enroyes
981 2977 1021 3040 du
1035 2982 1094 3057 roi,
1108 2981 1159 3059 qui
1171 2979 1287 3042 alisient
1300 2981 1342 3041 lui
1354 2981 1435 3042 offrir

382 3071 546 3150 reparation
561 3068 597 3127 de
609 3080 673 3127 tout
685 3067 713 3126 le
727 3067 878 3150 dommage
891 3071 976 3129 cause
988 3089 1041 3150 par
1053 3073 1196 3132 Warwicl
1210 3095 1216 3130 ε
1234 3097 1248 3126 ι
1262 3075 1350 3132 Eune
1363 3092 1434 3132 nous

382 3172 479 3220 autres
494 3153 692 3237 Portugalois,
707 3174 797 3215 avons
810 3178 867 3218 une
883 3170 1031 3218 coustume
1044 3159 1145 3220 devere
1160 3181 1250 3233 nous,
1267 3181 1324 3240 que
1339 3161 1435 3240 quand

385 3248 471 3309 eeulx
480 3267 538 3326 que
547 3264 621 3305 nous
632 3263 722 3304 avons
735 3255 816 3305 tenus
829 3248 909 3306 dnos
922 3249 994 3308 amis
1008 3267 1039 3308 se
1050 3251 1112 3308 sont
1123 3250 1195 3310 amis
1205 3253 1221 3309 a
1232 3269 1285 3309 nos
1296 3252 1434 3322 ennemis,

385 3357 459 3398 nous
469 3338 512 3396 les
521 3332 728 3395 commandens
739 3336 755 3394 a
765 3346 830 3395 tous
841 3336 882 3396 les
893 3350 957 3398 cent
968 3338 1048 3399 mille
1059 3338 1167 3400 diables
1181 3339 1303 3402 d’enfer.
1321 3366 1334 3392 u
1354 3339 1436 3398 «Re-

384 3446 491 3508 ponse,
513 3425 555 3484 dit
574 3423 749 3499 Chastelain,
767 3445 826 3484 non
843 3446 896 3505 pas
914 3426 982 3487 bien
1001 3427 1078 3507 prise
1094 3427 1144 3487 des
1164 3447 1234 3507 gens
1253 3447 1377 3488 mesmes
1398 3427 1436 3488 du

385 3516 452 3576 duc.
470 3539 483 3565 υ
498 3511 593 3589 (Part.
607 3515 660 3588 111,
672 3513 719 3577 eh.
734 3516 831 3574 teser
842 3518 922 3590 200).
934 3515 1274 3576 D'ailleursl'assemblee
1289 3517 1326 3575 de
1333 3521 1434 3592 Teura,

386 3625 439 3686 par
452 3604 504 3684 qui
516 3603 544 3662 le
557 3603 602 3662 roi
613 3623 643 3662 se
659 3603 690 3662 tit
705 3602 863 3685 decharger
873 3605 914 3665 du
924 3619 1050 3666 serment
1062 3606 1099 3665 de
1110 3606 1251 3683 Perenne,
1263 3619 1292 3665 et
1302 3625 1355 3685 par
1366 3607 1437 3666 suite

387 3695 424 3756 de
437 3692 561 3772 laquelle
574 3692 602 3752 le
616 3692 671 3751 duc
685 3706 766 3769 reeut
778 3712 835 3752 une
851 3695 1026 3776 assignation
1038 3713 1075 3754 en
1089 3693 1258 3772 parlement,
1275 3693 1344 3753 dunt
1357 3695 1378 3753 it
1392 3697 1437 3754 in·

386 3783 540 3844 carcerale
550 3793 680 3861 portem,
691 3782 759 3841 erait
769 3802 967 3846 uneannonce
979 3803 1057 3845 assez
1067 3787 1217 3848 manifeste
1227 3784 1278 3846 des
1288 3784 1434 3846 hostiliter.

386 3872 561 3947 commines,
571 3870 592 3933 1.
607 3875 661 3945 111,
676 3871 723 3931 eh.
739 3893 759 3934 1.

429 3968 460 4024 t.
485 3959 693 4021 connestabttus
707 3959 777 4021 dans
790 3961 819 4022 le
831 3982 887 4025 ms.

429 4057 459 4114 2.
481 4055 559 4112 Dans
572 4069 618 4110 ses
631 4049 772 4110 chateaux
785 4051 823 4112 de
836 4055 911 4114 Ham
924 4065 952 4114 et
968 4050 1005 4114 de
1017 4054 1202 4115 Beaurevoir.

432 4145 460 4205 ³.
482 4146 523 4202 Le
535 4143 572 4201 ll)
587 4137 738 4200 decembre
749 4143 838 4202 1470.
