3322 5172
369 576 426 633 304
641 573 899 634 utstuttuaun
919 573 1100 632 uuuuvtct
1117 574 1161 632 xl

366 706 440 780 lato
455 719 567 800 metu,
584 703 779 804 plurimum
797 718 833 778 et
848 705 958 778 animi
979 719 1013 777 et
1030 703 1170 779 fiduciae
1191 705 1294 779 facile
1311 707 1437 807 oppri-

369 822 491 896 mendi
512 821 810 921 Burgundionum
828 822 958 894 ducem
972 822 1198 896 accrescebat
1210 826 1435 896 Francorum

370 939 472 1037 regi),
490 937 634 1012 difficile
649 937 962 1038 periculosumque
976 939 1082 1012 valde
1098 939 1184 1013 duci
1201 939 1335 1030 suisset,
1354 938 1434 1012 tali-

368 1054 438 1127 bus
448 1053 586 1128 auxiliis
601 1054 783 1145 destituto,
802 1052 994 1152 dequibus
1013 1056 1169 1128 maxime
1187 1079 1330 1155 semper
1345 1079 1437 1126 con·

370 1169 454 1244 lisus
478 1171 583 1244 fuisse
598 1168 810 1262 videbatur,
829 1170 922 1241 vires
938 1185 972 1242 et
988 1170 1190 1269 potentiam
1207 1171 1308 1266 regni
1327 1175 1438 1242 Frau-

370 1312 496 1360 corum
519 1287 710 1360 advorsum
737 1309 775 1357 se
800 1285 1005 1358 sustinere:
1030 1286 1225 1386 pracsertim
1257 1311 1341 1359 cum
1367 1310 1438 1357 nec

371 1403 472 1476 ducis
495 1401 700 1488 Britanniae,
729 1400 793 1500 qui
816 1400 891 1498 jam
914 1415 1065 1500 perante
1094 1401 1161 1474 sub
1189 1401 1323 1499 treugis
1350 1426 1438 1472 cum

371 1541 453 1612 rege
467 1515 635 1606 vivebas,
650 1540 717 1588 nec
733 1516 901 1606 aliorum,
916 1541 1009 1613 quos
1026 1516 1093 1590 sibi
1112 1518 1148 1589 in
1164 1541 1277 1613 regno
1294 1515 1439 1588 occulte

372 1634 563 1708 loederatos
580 1634 756 1726 habebat,
780 1634 913 1709 auxilio
933 1631 1065 1720 debere
1093 1634 1271 1707 consolari
1290 1647 1436 1734 sperare

371 1765 512 1850 posset,
538 1766 575 1823 et
588 1751 710 1824 hostes
735 1748 992 1822 infensissimos
1015 1776 1037 1825 a
1061 1765 1161 1849 tergo
1180 1749 1333 1823 haberet
1353 1750 1437 1822 Sui·

372 1867 526 1939 tensium
546 1866 722 1965 populos,
742 1891 825 1938 cum
843 1865 963 1938 multis
981 1867 1058 1939 aliis
1080 1865 1303 1967 principibus
1320 1881 1356 1939 et
1372 1892 1437 1940 co·

373 1980 679 2081 m[rnun]itatibus
695 1982 914 2072 Germaniae,
933 1982 1068 2055 eisdem
1086 1983 1132 2055 ad
1151 1981 1439 2083 opprimendum

373 2113 420 2189 et,
440 2099 469 2170 si
485 2113 643 2197 possent,
662 2095 960 2196 exstinguendum
983 2099 1281 2199 Burgundionum
1299 2123 1437 2172 nomen

372 2214 551 2287 foederatis
566 2229 602 2286 et
616 2213 803 2311 colligatis.

422 2330 667 2404 Necessarium
686 2331 806 2428 itaque
825 2330 1099 2429 quodammodo
1118 2331 1196 2404 erat
1215 2331 1301 2405 duci
1326 2329 1439 2404 absti-

373 2445 534 2517 nentiam
556 2444 642 2519 belli
657 2471 741 2518 curn
754 2450 974 2518 Francorum
995 2471 1077 2544 rege
1094 2448 1198 2520 inire.
1218 2452 1262 2519 Et
1289 2446 1440 2522 faculta-

373 2575 447 2634 tem
465 2561 612 2660 quidem
636 2587 677 2634 ea
694 2562 877 2660 potiundi,
896 2564 925 2633 si
947 2562 1077 2653 vellet,
1099 2562 1294 2660 Anglorum
1316 2588 1376 2635 rex
1399 2564 1438 2635 iu

373 2680 486 2778 pactis
507 2680 580 2752 suis
600 2677 667 2750 sibi
690 2692 904 2767 reservarat;
926 2703 967 2751 ex
984 2705 1059 2778 quo
1077 2681 1173 2752 tum¹
1189 2703 1269 2752 eam
1288 2679 1355 2752 sibi
1373 2705 1440 2779 po·

373 2797 439 2866 tuit
459 2793 594 2868 facilius
611 2819 633 2868 a
649 2795 792 2868 Francis
810 2793 986 2867 obtinere.
1009 2800 1141 2867 Verum
1157 2821 1242 2868 cum
1258 2820 1440 2895 procare

373 2907 509 3008 legatos
521 2910 565 2982 ad
578 2916 798 2985 Francorum
808 2935 929 3009 regem
943 2910 1166 3001 destinasset,
1177 2913 1315 2984 curavit
1330 2911 1439 2984 etiam

374 3045 413 3104 ut
430 3047 560 3132 treugas
582 3033 709 3107 fiendae
727 3033 916 3105 utilitatem
939 3030 1007 3105 sibi
1034 3032 1222 3121 afferrent,
1240 3048 1276 3106 et
1298 3033 1441 3132 specia-

373 3150 467 3224 libus
491 3151 630 3250 legibus
654 3177 710 3224 res
736 3177 819 3223 eum
837 3151 1099 3250 contingentes,
1119 3152 1314 3250 expressim
1329 3164 1440 3248 atque

374 3269 601 3362 nominatim,
626 3283 744 3344 essent
759 3267 911 3366 publicis
929 3267 1092 3367 apicibus
1109 3267 1313 3364 designatae.

423 3385 515 3456 Saue
531 3401 616 3457 tunc
634 3383 808 3480 temporis
825 3383 979 3454 maxime
995 3381 1187 3454 affectabat
1203 3405 1267 3454 rex
1282 3386 1440 3454 Franco-

374 3524 456 3572 rum
472 3500 600 3598 punire
616 3523 687 3571 suae
710 3499 843 3571 militiae
868 3500 1091 3599 principem,
1112 3523 1221 3598 quem
1243 3523 1354 3598 supra
1380 3524 1442 3572 re·

415 3709 443 3765 l.
456 3709 497 3764 La
506 3706 588 3766 trive
597 3707 859 3788 entrelaBretague
868 3719 897 3767 et
905 3705 934 3767 la
942 3707 1052 3766 Frauce
1060 3703 1441 3781 avaitliuilel·'maill'ltl,

373 3808 403 3854 et
416 3795 443 3855 le
456 3795 532 3872 duc,
552 3797 636 3875 apris
651 3797 734 3856 avoir
750 3798 811 3878 pris
825 3796 947 3856 alliauce
961 3814 1031 3856 avec
1045 3795 1073 3856 le
1089 3795 1134 3854 roi
1146 3793 1366 3876 d'Angleterrc,
1386 3812 1443 3854 ve·

372 3887 434 3946 uait
455 3886 492 3946 de
507 3906 676 3966 contoquer
689 3907 742 3948 sou
761 3885 956 3947 tertiare-bau.
975 3889 1050 3946 C'est
1066 3905 1137 3945 avec
1153 3886 1250 3945 raison
1270 3884 1443 3944 nianmoius

372 3995 430 4055 que
445 3975 571 4036 l'auteur
588 3977 629 4036 dit
646 3998 703 4057 que
718 3977 837 4038 Clrarles
852 3978 880 4037 le
896 3977 1061 4037 Te'rueraire
1079 3977 1188 4037 u'avait
1203 3996 1255 4056 pas
1276 3980 1294 4034 a
1310 3988 1443 4056 cumpter

373 4066 566 4139 surlui,cara
575 4065 723 4127 ladatedu
731 4069 770 4126 20
776 4067 883 4144 juillet,
898 4067 919 4126 il
929 4066 1019 4141 jurait
1029 4084 1087 4126 aux
1100 4061 1228 4144 envoye‘s
1238 4065 1370 4126 debonis
1379 4069 1440 4125 xl:

376 4178 393 4209 ι
413 4153 485 4233 qu’il
507 4174 545 4214 ne
560 4154 673 4215 rouloit
695 4167 772 4216 estre
789 4156 918 4236 anglois,
934 4167 963 4216 et
975 4155 1078 4231 jamais
1096 4173 1135 4215 ne
1148 4155 1290 4235 portemit
1310 4154 1340 4214 la
1360 4153 1442 4215 croix

375 4263 477 4323 rouge.
500 4267 515 4298 s
532 4249 606 4304 oon
619 4245 740 4318 Musica,
755 4265 816 4326 pr„
830 4259 853 4305 t.
870 4249 932 4319 111,
946 4246 1004 4307 col.
1020 4247 1091 4320 tta,
1107 4247 1178 4306 stt.

415 4334 446 4392 2.
472 4335 539 4392 Cum
553 4333 624 4394 daus
635 4333 664 4393 le
678 4353 731 4396 ms.
