3322 5172
612 657 722 714 mnne
741 658 913 730 antrns
1117 647 1119 656 ’
1230 665 1288 722 ue

232 787 348 860 linum
359 813 471 888 genus
484 787 576 862 illins
587 791 839 890 potentissimae
851 789 981 864 domus
994 791 1207 866 exstinctum
1220 808 1286 868 est.

234 909 318 978 Post
334 903 488 1008 Philippi
503 921 636 1000 autem,
651 909 762 1009 patris
779 909 846 998 sui,
865 907 1019 999 obitum,
1035 908 1091 981 vix
1107 909 1210 982 annis
1227 908 1290 984 de·

222 1046 312 1116 ¹cem
331 1024 535 1124 imperavit,
552 1039 588 1098 et
603 1025 692 1099 obiit
703 1051 800 1120 anno
812 1026 922 1100 aetatis
941 1049 1013 1098 suae
1030 1025 1169 1103 circiter
1188 1031 1286 1099 xnv¹.

234 1145 313 1212 Non
327 1141 517 1216 defuerunt
530 1157 649 1215 tamen
661 1168 728 1218 nec
741 1143 860 1218 adhuc
871 1143 1014 1236 desunt,
1027 1144 1184 1242 quicum
1195 1141 1292 1216 affir-

232 1270 332 1329 ment
347 1257 467 1331 adhuc
483 1259 616 1351 vivere,
634 1261 781 1359 quique,
799 1257 888 1358 quid
906 1259 1015 1355 fatue,
1032 1273 1166 1334 temere
1184 1274 1291 1358 atque

233 1375 453 1449 mendaciter
467 1376 635 1450 asseritur
648 1375 694 1448 de
708 1401 766 1469 eo,
783 1375 953 1449 credibile
965 1401 1042 1450 esse
1057 1373 1279 1449 credendum

234 1513 304 1587 que
323 1515 398 1565 esse
418 1491 650 1584 confirment,
670 1503 705 1562 et
721 1505 864 1564 mutuas
883 1493 1052 1592 pecunias
1071 1491 1175 1587 dent,
1199 1517 1293 1566 mer·
1383 1579 1389 1586 .

201 1657 207 1668 -
234 1631 365 1706 cesque
382 1610 518 1681 cariore
534 1608 650 1709 pretio
665 1606 821 1680 vendant
833 1607 1060 1704 tradentque,
1080 1632 1147 1706 pro
1163 1608 1294 1706 quibus

234 1748 302 1795 nec
323 1724 577 1798 exsolvendum
597 1724 643 1796 sit
663 1723 781 1798 donec
796 1724 899 1798 vivus
918 1737 1101 1824 appareat.
1120 1724 1191 1812 Qui
1207 1747 1294 1822 pro-

235 1838 328 1911 lecto
347 1863 385 1911 se
407 1840 444 1911 in
469 1839 542 1912 hoc
566 1839 693 1912 stultos
715 1855 822 1940 atque
846 1839 962 1912 fatuos
984 1863 1059 1914 esse
1083 1838 1293 1912 ostendunt.

234 1956 304 2029 Sed
319 1955 396 2028 haec
413 1954 553 2028 fatuitas
569 1955 607 2029 in
622 1955 786 2058 pluribus
805 1979 920 2052 usque
942 1953 990 2028 ad
1012 1977 1127 2031 annos
1150 1953 1294 2046 decem,

234 2086 426 2172 postquam
444 2073 601 2168 obierat,
623 2071 782 2167 duravit,
803 2086 839 2146 et
852 2071 986 2146 diutius
1002 2070 1120 2146 adhuc
1138 2071 1204 2146 erit
1220 2070 1297 2142 sor-

237 2189 338 2262 tassis
356 2175 539 2262 duratura.

581 2536 839 2612 exuruntur
863 2536 955 2607 xrv.
1060 2507 1065 2514 '

256 2741 405 2815 Descriptio
415 2739 515 2807 Caroli,
530 2737 605 2794 ducis
615 2735 789 2812 Burgundite;
801 2748 827 2790 et
839 2733 914 2806 qnod
924 2735 1007 2788 multo
1020 2731 1166 2788 consaldus
1175 2734 1278 2807 egisset,

386 2823 408 2881 si
419 2839 482 2878 curn
491 2839 553 2893 rege
565 2821 730 2874 Francorum
740 2835 834 2889 pacem
844 2817 943 2872 habere
953 2809 1145 2887 conquisiisset.

285 3011 413 3079 Fuerat
430 3002 544 3076 homo
564 3013 699 3074 statura
717 2996 925 3088 mediocris,
945 2994 1028 3066 satis
1044 2991 1164 3067 valido
1184 3007 1221 3066 et
1237 3018 1299 3067 ve·

237 3136 318 3220 geto
333 3145 499 3222 corpore,
516 3144 584 3222 pro
598 3129 740 3190 staturae
754 3138 825 3189 suae
841 3111 1027 3212 qu'alitate3
1043 3108 1178 3182 laboris
1191 3123 1299 3208 atque
1404 3159 1415 3170 -

236 3238 364 3311 inediae
390 3237 685 3338 patientissimum
713 3229 1022 3331 quemadmodum
1046 3250 1139 3327 saepe
1165 3226 1202 3298 in
1227 3228 1300 3301 suis

237 3353 524 3456 expeditionibus
545 3369 582 3426 et
609 3348 860 3424 obsidionibus
885 3343 1057 3432 ostendit,
1084 3343 1121 3416 in
1146 3342 1296 3440 quibus,

239 3487 279 3546 ut
298 3471 470 3554 diximus,
494 3469 601 3541 etiam
620 3466 782 3538 hibernis
803 3461 988 3536 mensibus
1006 3474 1113 3559 atque
1132 3461 1300 3538 extremis

229 3587 428 3688 frigoribus
448 3584 566 3685 potuit
586 3579 794 3682 perdurare.
818 3576 1156 3677 Color-capillorum
1175 3579 1300 3678 capitis

237 3707 351 3804 niger,
368 3717 404 3776 et
419 3699 507 3776 facie
527 3697 610 3770 satis
623 3694 917 3797 proportionatus
928 3691 1076 3792 capillis,
1092 3691 1237 3765 trahens
1252 3691 1298 3764 ad

237 3841 470 3896 communem
481 3812 767 3912 portugallorum
781 3807 953 3900 colorem,
965 3833 991 3882 n
1004 3807 1135 3908 quibus
1157 3832 1200 3881 ex
1222 3833 1298 3881 ma·

237 3953 343 4012 terno
362 3958 489 4035 genere
506 3941 659 4005 traxerat
676 3926 864 4024 originem.

288 4054 367 4126 Fuit
381 4053 437 4126 vir
453 4048 574 4146 magni
590 4060 627 4120 et
643 4042 704 4117 alti
723 4040 851 4135 animi,
871 4041 901 4113 si
917 4039 1015 4114 illam
1031 4042 1143 4115 animi
1160 4041 1299 4137 magni-

238 4171 403 4246 tudinem
415 4166 600 4240 moderate
614 4177 650 4234 et
662 4156 874 4262 prudenter,
890 4181 975 4230 usus
986 4157 1151 4251 consilio,
1165 4170 1300 4256 tempe·

280 4407 310 4464 t.
332 4397 476 4462 Ilentrait
489 4395 560 4458 dans
574 4415 605 4457 sa
618 4388 936 4474 quamne-quantem
951 4387 1055 4448 annde.
