3282 5168
482 589 485 596 '
578 601 686 659 amun
706 603 884 662 rannus,
1194 603 1252 659 arr

244 733 346 804 Passa
372 747 424 804 est
448 746 484 804 et
503 756 567 804 sua
588 731 814 830 Burgundia,
842 734 902 808 itta
922 732 1150 832 expeditione
1176 738 1255 805 tim·

192 843 374 920 bianensis
396 846 593 921 obsidionis
616 847 789 942 durante,
815 850 968 949 plurima
990 851 1120 922 damna
1137 850 1254 947 jactu·

192 985 319 1061 rasque
336 987 356 1034 a
373 964 500 1036 militia
516 964 625 1061 regis,
644 965 745 1060 cujus
758 965 928 1037 ducatum
947 965 983 1036 iu
1003 965 1061 1038 illa
1078 979 1179 1065 parte
1194 964 1256 1037 ha·

192 1073 277 1150 bere
293 1078 473 1152 ferebatur
489 1105 609 1152 comes
631 1080 823 1180 delphinus
846 1081 1046 1174 Alterniae¹,
1066 1087 1150 1181 qui,
1167 1107 1251 1154 cum

123 1259 130 1270 .
191 1192 310 1291 aliqua
330 1197 497 1294 portione
519 1196 756 1295 stipendiariae
780 1211 888 1294 atque
909 1197 1099 1270 ordinariae
1118 1197 1253 1270 militiae

191 1309 283 1404 regis
299 1313 433 1408 junctis
453 1309 635 1383 nobilibus
659 1310 828 1384 Alveruiae
848 1327 885 1383 et
907 1311 1122 1406 Delfrnatus,
1141 1314 1253 1385 multa

138 1446 145 1460 ·
191 1424 333 1498 castella
350 1444 385 1499 et
401 1427 501 1500 villas
518 1428 554 1498 in
573 1426 777 1522 Burgundio
794 1429 1009 1526 expugnavit
1030 1442 1065 1499 et
1090 1427 1250 1526 diripuit.

191 1543 301 1613 Erant
317 1539 389 1614 iilic
405 1557 441 1615 et
456 1541 622 1615 nonnulli
635 1543 849 1615 leodienses
860 1543 1010 1634 exsules,
1030 1541 1252 1638 Burgundio-

191 1680 280 1728 num
291 1657 506 1730 infestissimi
520 1674 558 1731 et
572 1657 790 1730 acerbissimi
802 1658 950 1749 inimici,
967 1659 1029 1755 qui
1043 1658 1080 1728 in
1095 1655 1251 1756 populos

190 1787 226 1844 et
259 1774 399 1848 accolas
424 1775 636 1870 Burgundiae
666 1775 742 1846 sine
769 1773 1010 1846 misericordia
1038 1771 1247 1863 saeviebant,

189 1889 305 1962 sicubi
326 1915 454 1962 manus
474 1893 615 1964 mittere
633 1905 790 1990 possent.
808 1891 878 1964 Sed
895 1890 940 1962 de
956 1889 1163 1989 hujusmodi
1176 1888 1250 1986 Jac-

189 2007 277 2076 turis
292 2021 328 2079 et
339 2005 480 2078 damnis
496 2007 553 2079 vix
566 2007 779 2104 quidquam,
793 2007 862 2077 nisi
875 2005 985 2102 longo
1002 2020 1083 2105 post
1097 2005 1249 2077 decurso

190 2135 371 2221 tempore,
393 2123 686 2220 Burgundionum
704 2123 777 2195 dus
800 2123 889 2194 scire
913 2135 1068 2220 poterat,
1089 2146 1133 2193 eo
1150 2119 1248 2240 qupd

189 2238 235 2311 de
253 2241 353 2312 terris
367 2241 439 2312 suis
451 2239 623 2313 Flandriae
636 2255 742 2339 atque
762 2239 948 2332 Picardiae,
968 2240 1003 2311 in
1022 2237 1152 2336 quibus
1166 2262 1250 2336 age-

189 2353 264 2443 bat,
282 2354 371 2427 nulli
387 2358 424 2427 in
442 2357 683 2451 Burgundiam
703 2381 771 2428 nec
787 2370 945 2428 econtra
960 2379 1105 2427 securus
1122 2355 1249 2426 transi-

189 2484 247 2542 tus
278 2471 439 2569 patebat3
468 2497 553 2544 nam
582 2473 797 2571 Campania,
826 2496 905 2570 quae
930 2469 1142 2542 intermedia
1174 2485 1246 2561 est,

189 2587 281 2684 regis
304 2603 398 2680 erat,
429 2603 464 2660 et
496 2587 730 2684 lotharingiae
760 2586 830 2659 dux
840 2592 863 2674 ³,
891 2601 1035 2659 mortuo
1052 2600 1154 2685 patre
1181 2611 1248 2658 suo

190 2702 352 2775 Johanne
378 2703 415 2774 in
435 2703 647 2792 Cataionia⁸,
670 2703 831 2800 principe
856 2702 962 2774 bonae
984 2701 1181 2790 memoriae,
1200 2701 1246 2771 ad

190 2833 307 2916 partes
334 2821 426 2915 regis
447 2834 660 2910 accesserat,
684 2832 720 2889 ct
743 2833 820 2889 tum
846 2815 1142 2913 Burgundionum
1165 2815 1249 2887 duci

189 2933 301 3007 hostis
324 2935 436 3009 factus
461 2949 536 3008 erat
560 2936 598 3007 in
618 2934 767 3031 gratiam
782 2934 873 3030 regis
888 2947 994 3029 atque
1011 2931 1182 3024 favorem,
1203 2956 1247 3003 eo

189 3048 289 3147 quod
303 3051 414 3150 ipsius
429 3049 540 3123 filiam
556 3050 807 3149 desponsatam
823 3047 1001 3120 haberet&

230 3258 258 3313 1.
281 3255 421 3314 Bertrand
436 3253 472 3314 de
485 3257 526 3313 La
538 3256 626 3324 Tour,
641 3265 734 3312 comte
748 3253 785 3313 de
795 3253 946 3335 Boulogue
962 3267 991 3313 et
1007 3252 1136 3332 dauphin
1156 3251 1248 3313 d'An·

187 3362 307 3423 vergne.
849 3385 851 3392 -

228 3435 257 3492 2.
280 3431 395 3492 Nicolas
412 3431 549 3506 d'Anjeu.

227 3525 256 3582 3.
279 3526 353 3582 Jean
366 3520 503 3597 d‘Anjou,
518 3520 563 3580 fils
578 3518 618 3579 du
631 3519 675 3579 roi
690 3521 783 3596 Rene,
799 3533 874 3580 mort
886 3524 903 3579 a
917 3520 1086 3596 Barcelone,
1101 3519 1129 3580 le
1143 3523 1181 3580 ts
1195 3519 1249 3580 dd·

185 3609 301 3670 cenrbre
320 3613 410 3674 tato.
631 3679 633 3684 Ι
703 3619 705 3626 ’

226 3701 255 3756 t.
278 3698 380 3765 c’e'uit
402 3698 431 3758 ia
455 3696 579 3758 seconde
597 3695 651 3754 sois
670 3697 743 3774 q'u’il
763 3695 831 3756 e'tait
852 3695 983 3774 question
998 3693 1035 3754 de
1053 3715 1086 3754 ce
1105 3695 1245 3775 mariage,

184 3787 249 3862 ddja
265 3808 371 3868 rompn
386 3807 473 3868 parce
489 3785 559 3866 qu’b
580 3806 621 3846 un
643 3799 771 3846 moment
791 3785 819 3844 le
829 3786 918 3860 jeune
932 3785 1032 3864 prince
1049 3785 1126 3846 avait
1144 3787 1246 3865 capere

183 3877 267 3938 avoir
284 3898 359 3959 pour
378 3880 484 3938 semme
502 3876 661 3936 l’hdritidre
681 3876 718 3936 de
738 3875 855 3936 Charles
875 3874 902 3933 le
923 3874 1097 3936 Temeraire.
1119 3874 1245 3934 L’annde

183 3967 317 4027 suivante
328 3987 367 4027 on
383 3967 424 4027 lui
438 3969 470 4026 fit
484 3967 600 4046 espirer
617 3965 655 4025 de
673 3984 809 4025 nouveau
824 3962 967 4023 l’alliance
986 3963 1241 4044 bourguignonne,

184 4055 246 4119 etit
262 4045 369 4135 rdrnpit
383 4075 489 4115 encore
503 4074 573 4115 avec
590 4055 618 4114 le
630 4054 686 4116 roi.
703 4054 728 4113 tt
749 4063 867 4112 mourut
879 4069 917 4110 en
931 4053 1025 4123 ttta,
1047 4063 1136 4128 ayant
1153 4069 1194 4130 pu
1214 4069 1245 4109 se

182 4145 354 4210 conraincre
367 4165 424 4224 que
438 4146 466 4204 le
477 4143 533 4204 duc
546 4144 583 4204 de
597 4149 770 4224 Bourgogue
782 4139 875 4200 s’t'etait
887 4141 991 4220 moqud
1004 4140 1041 4199 de
1057 4141 1108 4201 lui.
