3402 5186
326 526 329 534 ·
365 488 404 544 26
641 483 897 545 HISTORIAMM
916 483 1095 544 Lumvtct
1114 485 1157 544 xt

365 632 434 711 set,
458 618 630 716 regnique
655 615 895 714 gubernacula
926 615 1134 690 moderatus
1159 617 1307 714 diisset,
1332 619 1429 694 illico

365 757 549 806 suasorem
565 731 756 826 refellebat,
775 757 813 806 se
825 747 861 804 et
877 757 998 830 regem
1015 758 1094 806 esse
1107 733 1250 827 dicens,
1275 751 1328 829 et,
1350 761 1430 834 quae

365 850 537 940 liberent,
558 848 700 923 efficere
719 873 851 949 posse:
873 874 948 921 non
972 849 1128 922 multum
1145 849 1191 924 ab
1210 850 1271 925 illa
1286 853 1429 951 tragici¹

365 964 565 1039 abhorrens
590 966 785 1057 sententia,
809 994 827 1034 c
845 964 946 1062 quod
966 966 1045 1038 Jovi
1065 965 1137 1038 boc
1158 969 1232 1064 regi
1254 966 1384 1068 [licet],
1408 997 1427 1038 u
1654 989 1657 1000 ·

365 1096 401 1156 et
416 1084 502 1155 item
524 1109 531 1152 :
555 1086 675 1172 «Quo
690 1082 792 1180 juvat
808 1105 908 1179 reges
924 1097 1019 1155 eant.
1040 1111 1058 1151 u

414 1196 553 1286 Quibus
570 1197 645 1298 ejus
662 1199 855 1296 compertis
872 1195 1047 1290 moribus,
1066 1197 1129 1272 illo
1145 1214 1224 1271 astu
1235 1199 1332 1300 apud
1346 1225 1428 1274 eum

365 1312 485 1411 plures
503 1313 604 1386 abusi
621 1327 718 1405 sunt,
736 1327 789 1406 ut,
809 1313 898 1386 durn
916 1312 1050 1412 aliquid
1068 1313 1114 1387 ab
1129 1339 1174 1388 eo
1190 1317 1363 1414 consequi
1374 1339 1430 1390 sa·

364 1444 537 1528 tegerent,
555 1443 596 1502 ut
614 1445 740 1530 optato
750 1431 966 1530 potirentur,
986 1445 1122 1530 epatre
1130 1456 1198 1504 suo
1209 1433 1430 1506 contrarium

364 1544 442 1618 fieri
461 1545 606 1618 solitum
633 1571 709 1619 esse
732 1545 971 1632 affirmareut3
998 1546 1060 1618 sed
1077 1571 1161 1618 cum
1183 1548 1232 1618 ita
1257 1548 1430 1622 exstitisse

363 1676 525 1763 putaret,
548 1663 771 1736 contrarium
793 1663 888 1735 illico
906 1663 1021 1735 facere
1042 1661 1284 1756 decernebat;
1303 1678 1340 1736 et
1356 1664 1426 1752 sic,

364 1803 447 1851 cum
466 1778 527 1852 tali
542 1779 683 1852 cautela
699 1779 776 1851 voti
798 1803 839 1850 ac
857 1777 1024 1850 desiderii
1048 1792 1251 1878 compotes,
1277 1777 1429 1852 abcede—

362 1893 464 1968 bant.
477 1895 567 1967 Miro
577 1894 676 1966 enim
683 1893 795 1965 modo
808 1893 976 1988 genitoris
983 1892 1077 1966 facta
1085 1917 1234 1992 carpere
1248 1907 1283 1966 et
1295 1893 1429 1966 eisdem

364 2035 401 2083 se
417 2024 545 2083 contra
562 2011 615 2082 ire
630 2008 722 2082 velle
740 2007 954 2082 ostendebat
973 2039 981 2080 :
1001 2023 1090 2108 puto
1107 2011 1213 2108 quia,
1232 2010 1320 2083 dum
1332 2013 1430 2084 vive·

364 2139 430 2218 ret,
449 2126 560 2224 ipsius
576 2126 791 2198 correctioni
806 2139 843 2197 et
858 2123 1104 2198 emendationi
1113 2124 1291 2198 incubuit.
1311 2129 1430 2215 Quam

364 2265 446 2312 cum
472 2241 639 2332 minime,
667 2256 817 2340 propter
840 2243 917 2339 ejus
941 2239 1226 2317 inobedientiam
1249 2241 1430 2342 simulque

363 2356 463 2456 quod
485 2382 505 2430 a
527 2357 823 2456 Burgundionum
841 2358 1032 2431 fovebatur
1045 2357 1138 2432 duce
1154 2357 1216 2456 (ad
1238 2381 1347 2457 quem
1364 2384 1429 2459 pa·
1476 2451 1482 2464 ¹

363 2492 500 2551 ternam
515 2478 699 2552 declinans
711 2479 972 2552 correctionem
984 2477 1220 2574 confingeret),
1233 2492 1354 2576 posset
1362 2502 1429 2578 pro

362 2609 449 2667 voto
466 2597 730 2669 correctionem
747 2595 881 2669 scilicet
904 2610 1012 2693 atque
1035 2593 1327 2667 emendationem
1347 2619 1429 2694 per·

363 2709 487 2803 ficere,
508 2712 554 2786 de
576 2715 686 2814 ipsius
707 2710 994 2787 exhaeredatione
1019 2709 1201 2808 cogitavit.
1229 2713 1366 2800 Quam,
1389 2723 1431 2786 ut

361 2827 555 2920 famescit,
576 2829 798 2928 perfecisset,
817 2829 886 2900 nisi
903 2827 1167 2925 quorumdam,
1188 2828 1252 2925 qui
1272 2827 1375 2924 juxta
1390 2845 1429 2900 se

361 2943 523 3038 aderant,
541 2944 733 3018 consilium
753 2943 958 3016 obstitisset.
978 2947 1021 3014 Et
1036 2955 1226 3043 propterea
1244 2957 1340 3040 gesta
1357 2942 1426 3016 de-

361 3076 530 3160 cretaque
550 3059 693 3134 abolere
720 3061 758 3133 iu
783 3060 1000 3158 irritumque
1013 3058 1193 3132 deducere
1208 3080 1277 3158 pro
1293 3058 1429 3132 viribus

361 3175 561 3275 satagebat,
582 3178 749 3277 cupiens,
780 3175 936 3276 paternis
961 3173 1140 3248 officiariis
1167 3189 1276 3273 atque
1296 3174 1429 3248 militiae

362 3292 514 3366 ducibus
530 3294 661 3367 amotis
678 3292 825 3392 aliisque
841 3291 1015 3384 suffectis,
1038 3315 1193 3389 regnum
1207 3315 1345 3362 novum
1361 3314 1429 3361 cu-

364 3408 450 3482 dere
467 3423 503 3484 et
519 3412 686 3484 formare.

413 3527 590 3599 Comitem
616 3525 718 3598 illum
739 3529 965 3616 Dunensem,
990 3524 1109 3598 virum
1132 3521 1370 3597 clarissimum
1393 3533 1429 3592 et

363 3644 426 3744 qui
443 3643 612 3716 adversus
629 3643 845 3740 Anglicosac
859 3639 1135 3739 Burgundiones
1145 3639 1246 3736 regni
1259 3637 1428 3711 defensor

363 3759 628 3834 strenuissimus
650 3773 756 3856 atque
782 3757 889 3832 etiam
916 3770 1146 3856 recuperator
1161 3769 1197 3827 et
1213 3751 1428 3828 instaurator

363 3877 498 3967 suerat,
517 3874 586 3949 sub
606 3874 759 3948 obtentu
784 3871 931 3970 regendi
948 3886 1055 3970 atque
1076 3870 1198 3943 tuendi
1215 3871 1426 3944 comitatum

364 4000 546 4067 Astensem
563 3993 601 4065 in
619 3990 934 4076 Pede-Montium
955 4011 1066 4084 regno
1083 3987 1231 4086 expulit,
1250 4001 1286 4060 et
1299 3985 1362 4060 itto
1376 3987 1428 4059 in·

406 4177 436 4232 t.
459 4173 591 4250 seneque
604 4174 632 4232 la
645 4171 788 4254 tragique.

405 4267 436 4326 2.
457 4268 498 4324 Le
512 4263 606 4324 comte
619 4262 718 4335 d’Ast,
733 4281 770 4322 en
786 4261 933 4333 Pitinum,
951 4261 1012 4321 seni
1031 4275 1167 4320 monceau
1180 4257 1217 4318 de
1231 4273 1284 4318 son
1296 4257 1427 4338 beringa
