3384 5184
372 512 430 568 trs
651 512 907 570 nrsronnnnn
928 511 1105 570 nunorrcr
1125 495 1169 568 xi

370 644 496 744 oppidi
522 644 751 733 Pondearae',
773 643 819 716 ab
836 643 1014 739 aliquibus
1036 667 1080 714 ex
1105 643 1329 743 principibus
1354 671 1436 746 per-

370 759 577 851 suasus„ad
598 783 725 830 eorum
750 757 921 830 deficiens
947 772 1083 856 partes,
1112 758 1290 857 oppidum
1315 761 1436 860 ipsum

370 875 421 948 eis
434 873 662 948 contraderet
670 878 692 942 ².
713 877 795 962 Quo
811 874 941 946 nuntio
955 899 1015 946 rex
1029 887 1178 974 accepto
1191 875 1295 949 valde
1305 877 1433 952 dolens

370 1004 407 1062 et
423 1004 571 1063 moestus
585 990 732 1062 effectus
745 1003 815 1080 est,
832 1013 877 1061 eo
888 988 987 1086 quod
1006 989 1218 1062 adversariis
1227 993 1301 1066 suis
1314 1007 1436 1065 traus-

371 1105 439 1177 itus
456 1119 600 1203 apertus
617 1105 726 1193 foret,
747 1130 812 1203 per
832 1130 961 1202 quem,
988 1107 1192 1180 transmissa
1206 1111 1320 1202 lsera,
1345 1113 1436 1181 Nor·

371 1225 556 1296 manniam
582 1222 726 1322 aggredi
758 1237 925 1322 possent,
959 1222 1268 1320 quemadmodum
1298 1241 1335 1300 et
1360 1251 1435 1300 non

372 1342 487 1414 multo
503 1355 586 1440 post
598 1340 831 1414 subsecutum
846 1340 924 1412 fuir.
984 1371 988 1384 ·

421 1461 504 1529 Erat
521 1456 734 1554 Rothomagi
751 1481 841 1530 uror
854 1455 1002 1529 ‘domini
1023 1459 1117 1530 Petri
1140 1457 1186 1532 de
1205 1465 1352 1554 Bresr'⁸,
1372 1461 1437 1533 ha-

371 1575 461 1648 bens
478 1576 515 1646 in
533 1600 642 1648 manu
666 1599 730 1648 sua
751 1573 953 1648 custodiam
971 1575 1062 1647 arcis
1083 1574 1245 1672 ejusdem
1264 1578 1432 1668 civitatis,

371 1716 450 1787 quae
475 1692 713 1764 munitissima
739 1690 892 1784 exsistit,
916 1691 1018 1788 cujus
1042 1692 1194 1765 maritus
1219 1693 1434 1792 predictus,

371 1808 454 1882 licet
464 1809 509 1882 de
522 1810 693 1882 comitatu
710 1810 803 1906 regis
817 1809 911 1880 etde
928 1808 1038 1908 ipsius
1049 1808 1212 1908 partibus
1224 1825 1332 1896 esset,
1347 1810 1435 1886 dum

371 1926 532 2024 praelium
558 1925 691 1996 factum
725 1938 777 1996 est
803 1924 849 1998 ad
884 1925 1218 2015 Montemllericii,
1249 1940 1373 1998 tamen
1399 1928 1435 1998 in

371 2040 550 2138 proludiis
565 2039 755 2112 conflictus
768 2064 789 2112 a
801 2039 974 2112 militibus
987 2041 1090 2139 regiis
1102 2042 1339 2140 interemptus
1352 2041 1433 2114 suit:

372 2158 472 2254 quod
496 2182 571 2228 non
592 2158 669 2228 sine
684 2155 786 2254 jussu
806 2170 843 2228 et
867 2157 1015 2228 scientia
1041 2157 1133 2254 regis
1154 2171 1335 2255 patratum
1360 2157 1437 2258 ipsa

372 2297 434 2346 sua
450 2272 580 2370 conjux
599 2272 790 2370 pluresque
806 2272 866 2344 alii
887 2272 993 2344 luisse
1019 2272 1227 2346 credebant.
1249 2279 1437 2350 Lamenta·

372 2388 490 2461 biliter
506 2389 626 2485 itaque
648 2403 748 2461 tanto
774 2387 939 2459 orbatam
962 2389 1091 2461 marito
1119 2413 1156 2461 se
1182 2389 1310 2462 videns
1327 2406 1437 2489 atque

372 2502 679 2578 irremediabiliter
692 2528 838 2600 gemens
856 2517 891 2574 et
905 2501 1050 2597 dolens,
1067 2505 1236 2600 cogitavit
1250 2508 1437 2603 quomodo

372 2624 479 2694 talem
505 2622 672 2718 injuriam
697 2619 818 2693 ulcisci
835 2635 967 2718 posset.
993 2626 1078 2694 Erat
1099 2637 1136 2695 et
1153 2623 1190 2694 in
1207 2623 1335 2697 eadem
1351 2640 1438 2698 tunc

374 2699 698 2829 nrbebudovicus‚
713 2738 882 2810 naturalis
895 2737 987 2812 filius
1000 2739 1142 2812 comitis
1153 2739 1199 2812 de
1210 2739 1436 2837 Alba-Mala⁸,

373 2857 563 2955 episcopus
580 2855 799 2952 Bajocensis,
824 2853 940 2928 dictus
957 2855 1159 2953 patriarcba
1175 2857 1439 2956 Hierosolymi-

373 2986 490 3046 tanus.
510 2977 542 3044 ls
566 2997 650 3044 cum
667 2971 848 3070 praelatam
867 2970 1053 3044 dominam
1075 2973 1222 3072 ejusque
1247 2975 1436 3069 maritum,

373 3115 456 3162 cum
474 3089 626 3177 vireret,
643 3087 838 3186 plurimum
855 3086 1035 3184 diligeret,
1052 3090 1107 3162 vel
1121 3090 1272 3166 modurn
1287 3092 1437 3184 invenit,

372 3204 429 3276 vel
454 3203 601 3276 auctrici
629 3227 693 3274 seu
722 3202 907 3275 inventrici
935 3203 1091 3277 dominae
1108 3206 1285 3304 praedictre
1310 3233 1439 3281 assen-
1480 3261 1496 3303 Ι,

264 3375 273 3392 .
373 3345 452 3391 sum
473 3317 640 3416 prebuit,
657 3315 844 3415 quomodo
864 3317 950 3392 urbs
969 3320 1046 3418 ipsa
1062 3321 1362 3420 Rothomagensis
1375 3323 1440 3395 de·
1461 3301 1477 3334 ³

375 3433 493 3508 ficeret
507 3448 542 3508 et
558 3432 604 3508 ad
619 3450 755 3535 partem
767 3435 972 3535 principum
988 3437 1243 3514 foederatorum
1258 3441 1435 3514 transiret.

414 3635 444 3690 l.
465 3632 566 3693 C’etait
581 3653 622 3691 un
636 3631 778 3712 eapitaine
794 3631 897 3714 appele
911 3633 999 3694 Louis
1011 3631 1140 3694 Sorbier.
1156 3631 1266 3696 Chron.
1284 3633 1383 3694 seond.

414 3723 443 3780 2.
466 3725 507 3781 Le
521 3725 554 3780 21
575 3720 750 3801 septembre.

418 3815 447 3871 3.
469 3815 579 3871 Jeanne
593 3811 632 3870 du
646 3809 855 3890 Ber-Gremio,
882 3811 898 3868 a
920 3811 970 3888 qni
989 3815 1017 3870 le
1036 3811 1097 3884 roi,
1117 3811 1177 3871 lors
1197 3811 1234 3871 de
1254 3831 1306 3872 son
1324 3812 1441 3874 dernier

376 3921 484 3984 voyage
501 3905 650 3976 ilicum,
667 3901 745 3961 avait
757 3901 850 3960 confie
865 3899 892 3959 la
911 3900 1000 3981 garde
1019 3899 1060 3959 du
1075 3900 1207 3962 chdteau.
1223 3905 1278 3960 Les
1292 3903 1390 3962 lettres
1404 3903 1441 3964 de

374 3994 460 4075 grece
474 3993 524 4072 qui
538 3992 580 4052 lui
595 3992 692 4050 iurent
704 3991 858 4050 areordees
873 4011 947 4072 pour
958 4011 990 4052 sa
1003 3991 1131 4052 trahison
1145 4003 1195 4052 ont
1209 3992 1255 4052 ete
1272 3993 1441 4074 imprimdes

375 4104 428 4166 par
441 4083 560 4164 Lenglet
574 4081 750 4159 Dufresnoy‚
767 4085 942 4154 Commtnes,
957 4095 978 4140 t.
996 4085 1037 4156 11,
1053 4103 1083 4162 p.
1100 4085 1169 4142 566.

415 4180 444 4237 4.
465 4175 553 4234 Louis
569 4173 605 4234 de
625 4179 786 4246 Herceum,
800 4174 914 4251 eroque
934 4171 971 4232 de
985 4179 1103 4251 Bayenx
1118 4184 1146 4232 et
1162 4171 1326 4254 patriarche
1339 4171 1376 4232 de
1390 4170 1440 4233 Je-

375 4266 517 4340 rusalem,
532 4265 576 4324 fils
590 4263 704 4326 naturel
718 4263 758 4324 du
776 4262 824 4324 feu
837 4277 932 4323 comte
945 4262 1110 4324 d'dumale.

1153 4477 1174 4512 ὃ
1183 4503 1185 4510 ,
