3272 5182
556 543 561 557 '
597 560 706 616 amau
725 560 888 618 ruarms.
1211 565 1267 621 aar

259 715 350 782 Cum
365 725 482 783 autem
496 711 590 784 idem
609 716 767 807 nuntius,
787 715 962 788 dictarum
979 715 1121 812 bajulus
1137 717 1268 789 littera·

210 851 304 916 rum,
317 827 493 926 oppidum
507 828 673 919 Hesdr'nc,
688 831 724 900 in
742 857 815 928 quo
833 833 997 931 praelatus
1013 833 1182 905 dominus
1195 833 1269 905 dux

212 958 286 1014 tum
311 967 395 1016 cum
420 970 486 1016 suo
508 947 678 1018 comitatu
705 946 847 1042 agebat,
868 949 1028 1046 quodam
1055 950 1112 1022 die
1138 952 1269 1022 mensis

211 1057 366 1132 octobris
377 1065 399 1151 ¹,
418 1061 493 1134 sole
510 1063 582 1160 jam
599 1062 645 1134 ad
662 1087 829 1135 occasum
846 1082 1027 1161 vergente,
1046 1067 1266 1166 propinqua·

209 1192 281 1269 ret,
298 1204 360 1250 seu
379 1179 519 1251 sceleris
537 1179 722 1252 atrocitate
739 1183 961 1278 perterritus,
977 1208 1037 1254 seu
1056 1183 1121 1255 alia
1143 1186 1268 1281 quavis

208 1293 346 1367 ratione
372 1311 433 1368 aut
457 1297 664 1369 necessitate
689 1295 915 1395 compulsus,
941 1298 1058 1371 noluit
1082 1300 1128 1372 ad
1149 1302 1267 1400 ipsum

208 1411 403 1510 oppidum,
421 1411 503 1484 licet
525 1414 562 1483 in
585 1411 715 1485 eodem
739 1414 814 1486 lore
837 1415 941 1486 sciret
962 1415 1062 1488 illum
1085 1416 1131 1488 ad
1159 1442 1267 1513 quem

207 1525 339 1600 litteras
352 1545 388 1601 et
404 1531 572 1602 nuntium
587 1529 842 1602 insinuandum
858 1521 1062 1624 deferebat,
1079 1533 1264 1625 accedere;

209 1642 271 1713 sed
289 1643 379 1717 forte
396 1637 538 1743 rep'erto
561 1645 643 1717 satis
665 1670 778 1745 prope
803 1645 978 1744 oppidum
1002 1646 1163 1742 quodam
1187 1674 1267 1720 rus-

209 1759 298 1851 tico,
326 1763 388 1858 qui
413 1762 476 1834 illo
499 1762 669 1861 pergebat
691 1776 727 1834 et
753 1787 791 1833 se
820 1760 1029 1835 bastardum
1057 1763 1267 1859 Burgundiae

207 1878 392 1972 cognitum
402 1878 535 1955 habere
547 1877 700 1967 dicebat,
710 1877 842 1950 litteras
856 1879 888 1950 ei
900 1879 945 1951 ad
960 1903 1044 1950 eum
1057 1878 1266 1953 deserendas

207 1995 474 2066 commendavit
487 2011 523 2066 et
539 1995 684 2066 tradidit
706 2021 713 2065 :
735 1994 915 2067 affirmans
930 2020 967 2066 se
988 2010 1075 2066 tunc
1092 2021 1158 2092 pro
1177 2022 1265 2092 qua·

208 2108 292 2181 dam
314 2111 397 2182 satis
414 2111 525 2183 ardua
540 2112 687 2182 materia
708 2135 851 2182 necesse
867 2110 1000 2182 habere
1016 2111 1062 2206 ad
1079 2113 1266 2200 Sanctum-

207 2224 449 2306 Odomarum¹
464 2229 646 2300 celerrime
661 2226 854 2326 proficisci,
877 2243 913 2298 et
933 2242 1124 2327 propterea
1140 2228 1265 2301 Hesdi-

205 2365 295 2412 num
311 2343 450 2438 ingredi
467 2358 552 2415 tunc
567 2344 715 2415 minime
731 2368 849 2442 posse.

257 2459 418 2531 Rusticus
440 2475 577 2550 autem,
597 2459 769 2556 susceptis
789 2457 929 2544 litteris,
951 2459 1070 2530 statim
1089 2460 1181 2531 utin
1199 2485 1265 2558 0p·

204 2574 291 2672 pido
316 2576 397 2668 suit,
424 2601 483 2648 eas
505 2576 654 2650 domino
674 2574 864 2665 Antonio³,
884 2575 991 2646 etiam
1015 2576 1169 2649 naturali
1191 2577 1265 2648 lilio

206 2689 364 2762 defuncti
386 2691 541 2790 Philippi
564 2705 599 2762 et
620 2713 790 2787 germano
816 2689 923 2761 etiam
949 2690 1115 2762 moderni
1140 2691 1261 2786 ducis,
1316 2757 1321 2765 .

207 2809 441 2905 praesentavit.
462 2808 532 2895 Qui
555 2831 639 2878 cum
655 2831 714 2878 eas
730 2806 919 2904 recepisset
940 2820 1048 2902 atque
1070 2808 1266 2905 aperuisset

206 2938 242 2995 et
258 2924 409 3021 legisset,
425 2924 521 3024 apud
535 2949 572 2995 se
586 2947 714 3020 magna
727 2922 963 2994 admiratione
976 2923 1146 3020 suspendi
1159 2926 1266 3024 coepit

207 3043 382 3140 quidnam
417 3043 564 3132 arcani,
603 3039 670 3112 sub
703 3039 896 3112 verborum
938 3040 1184 3136 integumento
1226 3040 1263 3111 in

206 3159 341 3232 eisdem
369 3159 547 3250 contenti,
577 3171 766 3254 tegeretur.
788 3154 900 3246 Quod
920 3156 1093 3255 suspicari
1116 3156 1264 3229 minime

205 3276 343 3366 valens,
371 3276 490 3347 statim
514 3273 614 3371 quod
639 3298 715 3345 non
737 3272 857 3365 adse,
877 3271 941 3343 sed
959 3270 1004 3344 ad
1021 3273 1261 3363 Balduinum,

206 3391 414 3464 bastardum
435 3390 643 3489 praeiatum,
663 3389 835 3461 deberent
855 3387 977 3485 dirigi,
997 3389 1175 3485 conjicere
1192 3415 1263 3463 coe-

204 3508 278 3606 pit;
302 3533 385 3580 narn
404 3507 656 3605 superscriptio
674 3507 826 3577 exterius
843 3519 981 3577 tantum
997 3502 1153 3577 habebat
1174 3535 1190 3572 u
1210 3507 1264 3577 Ad

204 3623 394 3697 dominum
408 3623 618 3695 bastardum
633 3622 855 3718 Burgundiae,
871 3649 888 3688 u
905 3621 968 3718 qui
984 3621 1107 3693 titulus
1121 3624 1263 3723 utrique

204 3740 444 3812 communiter
460 3738 567 3834 vulgo
585 3735 738 3809 adscribi
754 3735 904 3808 solebat.

245 3966 273 4019 l.
296 3962 430 4042 Corrigez
450 3957 617 4030 novembris,
638 3955 776 4036 puisque,
798 3953 878 4012 selon
898 3952 925 4011 le
944 3952 1000 4012 duc
1017 3953 1053 4013 de
1072 3957 1261 4034 Bourgogne,

203 4055 274 4110 Jean
294 4051 330 4110 de
349 4052 455 4111 Clrassa
472 4047 595 4127 expedia
612 4065 664 4104 son
681 4046 798 4102 homme
815 4069 826 4093 r
842 4063 881 4101 un
898 4042 965 4115 jour
983 4064 1020 4102 ou
1041 4044 1118 4103 deux
1134 4058 1222 4103 avant
1235 4047 1262 4104 la

205 4141 404 4201 Saint-Martin
418 4140 542 4198 d'hiver.
557 4163 570 4190 ι

244 4233 274 4287 2.
296 4231 490 4290 saint-Omer.

246 4321 273 4378 3.
295 4325 335 4380 Le
352 4317 570 4380 Grand-bltard
586 4316 622 4376 de
635 4319 817 4396 Bourgogne.
