3322 5172
602 499 711 554 LIBER
731 497 901 570 QUINTUS.
1005 487 1008 492 ’
1225 499 1279 555 377

227 619 505 724 desperans,'ad
522 648 621 718 eam,
641 651 720 723 quae
737 639 908 726 perpetua
927 641 995 732 est,
1007 627 1114 724 coepit
1128 628 1282 723 cogitare
1389 706 1402 727 ι

228 742 409 816 attentius.
426 746 470 812 Et
490 742 537 814 ad
559 741 631 813 boc
653 741 799 839 quidem
822 767 886 841 per
909 743 1112 840 religiosos,
1135 744 1196 841 qui
1215 745 1282 817 sibi
1387 731 1397 775 ³

227 855 455 948 assistebant,
479 857 609 954 jugiter
633 856 908 950 admonebatur,
938 872 973 930 et
996 873 1037 930 ut
1065 883 1085 930 a
1108 863 1185 930 Deo
1214 861 1284 957 p'ri-

228 996 342 1060 mum,
360 970 491 1044 deinde
508 995 528 1042 a
547 997 628 1068 rege
643 986 748 1070 atque
769 972 937 1044 omnibus
960 973 1100 1044 veniam
1119 998 1281 1071 precare·

229 1101 299 1178 tur,
332 1111 369 1160 se
404 1111 529 1158 eorum
559 1087 626 1186 piis
657 1089 703 1160 ad
731 1093 848 1161 Deum
882 1088 1199 1190 supplicationibus
1227 1115 1283 1161 re-

227 1201 496 1276 commendans.
517 1203 635 1291 Quod
648 1229 730 1276 cum
754 1204 891 1276 lecisset
915 1219 1144 1303 rogassetque
1168 1205 1283 1301 regios

228 1345 406 1422 proceres,
426 1321 488 1418 qui
505 1319 714 1411 adstabant,
734 1335 774 1392 ut
788 1323 859 1418 regi
873 1323 1029 1394 animam
1045 1323 1120 1419 ejus
1137 1346 1179 1395 ac
1192 1325 1283 1395 salu·

227 1455 300 1512 tem
320 1439 474 1511 lacerent
493 1439 782 1530 recommissam,
807 1440 1011 1537 supplicans
1036 1455 1230 1538 quatenus,
1255 1441 1284 1511 si

227 1579 359 1651 corpus
373 1553 482 1652 ipsius
495 1566 530 1624 et
546 1552 771 1651 corporalem
794 1553 903 1624 vitam
919 1577 1063 1624 exosam
1079 1553 1280 1646 habuisset,

227 1671 385 1743 animam
402 1682 592 1768 propterea
611 1668 757 1740 minime
775 1669 958 1766 despicere
972 1669 1098 1760 vellet,
1117 1694 1284 1767 procum·

227 1785 317 1858 bens
329 1785 376 1858 ad
392 1809 520 1882 genua,
539 1786 668 1878 lictori,
685 1787 746 1883 qui
763 1785 938 1877 adstabat,
952 1800 1096 1886 paratus
1109 1787 1281 1859 cervicem

226 1900 388 1974 tetendit.
409 1901 480 1989 Qui
499 1926 604 1971 suum
623 1887 775 1999 implens
799 1902 1056 1990 ministerium,
1079 1901 1188 1974 abeo
1209 1904 1284 2001 pri-

144 2089 149 2099 ,
226 2042 328 2090 mum
352 2014 530 2112 indulgeri
557 2031 662 2114 atque
687 2017 827 2088 veniam
851 2017 918 2089 sibi
946 2018 1023 2090 dari
1047 2020 1281 2118 imprecatuS,

227 2131 347 2228 gladio
366 2130 492 2203 feriens
509 2145 616 2229 caput
630 2130 788 2228 ejusdem
806 2135 1016 2232 amputavit.

277 2252 432 2320 Fuerant
446 2260 566 2318 autem
582 2247 768 2346 paululum
786 2261 869 2319 ante
885 2247 929 2319 de
949 2249 1136 2339 tribunali,
1155 2251 1191 2320 in
1210 2275 1283 2346 quo

227 2365 273 2437 de
283 2362 491 2460 hujusmodi
504 2363 684 2436 exsecutio
699 2361 885 2458 agebatur,
905 2365 1015 2463 panni
1032 2379 1067 2436 et
1082 2389 1207 2436 omnes
1224 2389 1283 2435 or·

228 2494 331 2552 natus
347 2477 508 2570 detracti,
527 2493 567 2549 ut
581 2477 737 2550 ferientis
749 2477 857 2576 gladii
870 2480 960 2551 ictus
972 2495 1008 2551 et
1019 2480 1169 2577 judicati
1185 2505 1284 2552 exse-

228 2594 326 2668 cutio
344 2595 508 2667 omnium
529 2593 745 2668 adstantium
765 2595 973 2692 conspectui
990 2608 1221 2693 patescerent.
1241 2599 1284 2666 Et

226 2710 345 2783 adhuc
361 2726 402 2783 ut
415 2713 552 2784 cunctis
568 2711 793 2809 conspectior
808 2710 1012 2802 haberetur,
1032 2711 1204 2800 minister,
1222 2711 1284 2806 qui

227 2852 310 2899 eum
333 2842 575 2926 percusserat,
597 2840 744 2923 accepto
765 2826 880 2923 capite
899 2824 1072 2897 ambabus
1095 2825 1281 2919 manibus,

227 2946 345 3044 ipsum
362 2945 504 3017 clevans
521 2944 612 3016 trina
627 2944 702 3015 vice
725 2941 957 3033 circumtulit,
975 2955 1014 3012 ut
1032 2967 1053 3014 a
1069 2943 1204 3014 cunctis
1221 2942 1285 3014 ad·

226 3060 402 3134 stantibus
418 3059 608 3132 dissectum
623 3084 644 3132 a
659 3083 815 3157 corpore
832 3057 1020 3129 videretur.
1041 3057 1169 3129 Mirum
1187 3057 1284 3129 enim

227 3179 264 3250 in
281 3171 432 3251 modum
448 3177 484 3249 in
503 3203 585 3250 eum
602 3178 711 3249 totius
724 3177 850 3276 populi
874 3175 1027 3272 regionis
1045 3174 1170 3246 odium
1187 3199 1285 3246 exar-

227 3307 330 3366 serat.
345 3296 507 3380 Quorum
520 3309 559 3364 ut
571 3291 754 3364 desideriis
766 3305 872 3387 atque
886 3289 971 3362 odio
984 3305 1177 3390 utcumque
1186 3290 1285 3361 satis-

229 3405 339 3495 fieret,
356 3422 392 3480 et
407 3421 447 3478 ut
461 3408 599 3479 cunctis
615 3407 692 3478 aliis
709 3407 910 3505 exemplum
924 3419 959 3476 et
973 3423 1144 3477 terrorem
1159 3405 1286 3476 immit-

230 3537 341 3613 teret,
360 3550 422 3596 rex
440 3525 486 3596 ita
502 3523 718 3623 supplicium
733 3521 933 3618 ejusvoluit
947 3546 1022 3593 esse
1035 3521 1282 3621 conspicuum.

278 3640 444 3738 Religiosi
461 3654 582 3714 autem
604 3652 802 3711 conventus
820 3641 983 3710 Fratrum
1004 3637 1206 3728 Minorum,
1224 3637 1286 3734 qui

229 3757 278 3830 ob
292 3759 364 3831 boo
381 3758 464 3831 illuc
487 3758 524 3829 in
550 3780 680 3852 magno
705 3778 856 3826 numero
879 3753 1117 3845 advenerant,
1142 3753 1286 3852 permit·

228 3887 325 3946 tente
345 3898 440 3970 rege,
453 3873 611 3944 tulerunt
626 3894 770 3968 corpus,
787 3868 873 3940 etin
892 3893 993 3941 suam
1007 3869 1165 3943 delatum
1178 3869 1287 3940 eccle·

228 3989 316 4061 siam
337 4013 421 4061 cum
446 3987 646 4060 reverentia
676 3984 911 4084 sepelierunt,
942 3986 1098 4058 animam
1126 3984 1286 4082 plurimis

229 4103 451 4178 orationibus
470 4119 577 4202 atque
591 4101 765 4198 suffragiis
781 4099 917 4177 devotis
934 4101 1091 4173 Domino
1104 4123 1286 4172 commeo·

228 4219 365 4292 dautes.
