3384 5184
376 495 433 551 ll!
653 490 913 550 utstomnntut
930 489 1108 552 Luuovtct
1127 494 1172 552 xl

374 624 563 698 salubriter
578 622 814 698 admonentes
830 623 945 721 patria
964 637 1001 695 et
1020 647 1131 721 regno
1148 623 1302 724 pellere,
1331 628 1439 704 bonis

373 763 417 813 ac
435 741 659 838 patrimoniis
681 739 858 838 spoliare,
882 763 946 816 seu
963 740 1075 812 etiam
1091 741 1275 840 suppliciis
1295 743 1439 822 allicere

254 922 256 925 ,
374 872 481 957 utque
500 859 537 930 in
560 883 623 930 eos
648 857 771 930 saevire
796 884 805 927 ε
838 857 917 952 quis
944 880 1074 928 sanum
1100 859 1242 956 sapiens
1264 859 1394 934 dixerit
1418 888 1439 936 a

373 975 581 1049 cohibendo
597 989 672 1046 tarn
696 972 899 1064 insolentis,
919 997 994 1044 non
1014 973 1125 1070 regis,
1147 973 1210 1046 sed
1225 975 1439 1073 iniquissimi

373 1091 496 1190 potius
530 1091 673 1188 tyranni
705 1104 741 1161 et
769 1089 1023 1160 cruentissimae
1047 1088 1190 1181 bestiae,
1222 1091 1377 1190 impetus
1402 1108 1439 1167 et

374 1207 510 1282 rabiem
535 1221 717 1303 magnates
734 1220 769 1278 et
795 1229 962 1304 proceres
986 1208 1106 1304 regni,
1127 1208 1201 1280 imo
1219 1235 1365 1283 omnem
1383 1213 1437 1284 vi-

374 1350 455 1396 rum
470 1323 609 1396 bonum
628 1337 662 1394 et
678 1323 823 1419 justitiae
840 1322 1050 1416 zelatorem,
1073 1348 1149 1395 sese
1166 1323 1300 1398 debere
1315 1327 1437 1399 conti-

374 1465 474 1532 nere,
493 1453 528 1512 et
546 1439 723 1513 abstinere
738 1463 761 1511 a
775 1437 942 1510 remediis
961 1437 1268 1536 quibuscumque,
1294 1465 1373 1538 quae
1390 1440 1437 1514 ad

374 1554 444 1628 boc
470 1580 574 1654 posse
598 1553 774 1654 proficere
796 1553 1056 1626 rationabiliter
1079 1554 1244 1626 aestimari
1268 1555 1433 1654 possint,

373 1673 619 1770 inquirendis,
647 1670 884 1771 procurandis
916 1685 952 1743 et
980 1670 1267 1770 prosequendis,
1299 1697 1366 1744 nec
1398 1697 1436 1746 se

374 1813 558 1889 opponere
574 1813 719 1860 murum
738 1787 954 1860 defensionis
972 1811 1040 1885 pro
1057 1786 1170 1860 domo
1189 1787 1322 1859 lsrael?

424 1911 503 2003 Non
516 1904 646 2003 probat
662 1909 778 1995 Deus,
806 1905 844 1974 in
862 1918 964 1975 tanto
978 1903 1184 1976 discrimine
1200 1919 1236 1976 et
1250 1917 1436 1978 tantorum

373 2021 527 2093 colluvie
539 2021 709 2092 vitiorum
732 2033 768 2090 et
791 2019 992 2106 malorum,
1016 2034 1056 2090 ut
1073 2019 1250 2110 remedia,
1274 2047 1354 2118 quae
1367 2020 1437 2094 hu·

374 2137 530 2210 manitus
549 2135 667 2209 allerri
683 2149 855 2233 possunt,
875 2149 1023 2233 torpore
1038 2151 1148 2234 atque
1166 2137 1308 2234 ignavia
1325 2139 1436 2236 negli-

374 2271 514 2351 gentes,
538 2255 614 2350 ejus
636 2252 834 2351 potentiam
856 2266 963 2349 utque
984 2254 1155 2352 pietatem
1181 2269 1378 2350 tentemus,
1402 2271 1437 2330 et

372 2397 474 2461 cum,
493 2395 594 2443 more
611 2369 792 2457 humano,
812 2367 1031 2461 remedium,
1052 2395 1136 2441 cum
1153 2370 1220 2441 Dei
1237 2370 1434 2468 adjutorio,

371 2485 1437 2587 apponere,agendoetlaborando,possumusl'eraquippe

371 2619 426 2677 est
439 2604 548 2676 Marci
564 2603 708 2675 Catonis
723 2603 929 2699 gravissima
944 2600 1004 2673 illa
1021 2603 1198 2675 sententia
1218 2630 1226 2673 ε
1249 2634 1267 2670 c<
1283 2628 1359 2677 non
1374 2629 1436 2678 vo·

372 2719 417 2793 tis
436 2743 554 2816 neque
575 2718 758 2817 suppliciis
775 2715 1011 2789 muliebribus
1034 2717 1166 2792 auxilia
1187 2716 1342 2792 deorum
1371 2745 1437 2820 pa-

371 2849 515 2926 rantur;
533 2832 730 2930 vigilando,
748 2830 904 2930 agendo,
919 2831 1013 2904 bene
1024 2831 1249 2906 consulendo
1263 2858 1436 2934 prospera

372 2951 494 3025 omnia
517 2949 663 3024 cedunt.
690 2945 760 3018 Ubi
783 2946 956 3019 socordiae
973 2960 1080 3043 atque
1096 2947 1245 3044 ignaviae
1267 2965 1302 3022 te
1323 2952 1436 3025 tradi·

371 3067 486 3162 deris,
515 3063 764 3162 nequidquam
791 3061 880 3134 deos
903 3063 1073 3162 implores
1099 3093 1108 3138 ε
1137 3065 1219 3139 irati
1245 3067 1436 3168 infestique

371 3198 466 3258 sunt.
476 3213 492 3252 n
507 3181 617 3271 Quod
631 3196 667 3254 et
680 3204 780 3254 sacer
793 3179 922 3252 cecinit
937 3179 1096 3254 Psalmus
1116 3209 1125 3255 :
1149 3213 1167 3249 «
1181 3186 1223 3254 ln
1240 3183 1310 3256 deo
1327 3185 1435 3260 facie·

371 3325 451 3374 mus
466 3302 654 3390 virtutem,
674 3311 710 3370 et
728 3298 803 3395 ipse
820 3296 867 3369 ad
882 3296 1036 3370 nihilum
1053 3297 1209 3373 deducet
1225 3301 1435 3376 tribulantes

369 3441 450 3489 nos.
468 3448 485 3484 s
501 3419 612 3516 Spem
628 3415 724 3488 enim
741 3436 890 3487 omnem
911 3411 1035 3487 fideles
1050 3416 1087 3487 in
1106 3393 1223 3490 Deum
1240 3419 1434 3518 projicien-

369 3545 442 3622 tes,
461 3531 562 3630 quod
580 3532 616 3603 in
634 3556 672 3604 se
688 3545 758 3622 est,
779 3545 815 3602 et
837 3528 938 3628 quod
956 3531 1006 3604 eis
1024 3556 1129 3630 posse
1148 3531 1299 3607 donavit
1315 3538 1431 3622 Deus,
1487 3564 1492 3576 ·

370 3672 474 3746 agere
491 3662 527 3722 et
540 3648 684 3746 aggredi
701 3645 846 3736 debent,
866 3670 940 3718 non
958 3647 1130 3746 praecipiti
1147 3673 1265 3748 neque
1282 3665 1434 3724 temera·

369 3767 446 3854 rio,
472 3766 535 3838 sed
551 3779 728 3864 quantum
746 3787 868 3834 rerum
884 3759 1046 3834 conditio
1064 3765 1270 3863 permittere
1288 3781 1431 3866 potest,

369 3897 511 3956 maturo
520 3881 731 3978 digestoque
742 3877 988 3952 consilio.Ubi
1000 3893 1132 3975 autem,
1145 3905 1246 3953 more
1254 3882 1431 3977 humano,

370 3999 572 4072 imminenti
583 3997 691 4071 exitio
700 4019 742 4069 ac
755 3993 978 4069 tribulationi
991 4019 1181 4070 occurrere
1195 4011 1231 4071 et
1243 3999 1434 4100 providere

369 4141 444 4189 non
470 4139 663 4216 possumus
688 4113 800 4212 (tunc
828 4111 975 4212 quidem
1000 4138 1085 4187 cum
1110 4117 1321 4213 ignoramus
1343 4117 1433 4216 quid

369 4257 473 4330 agere
484 4230 710 4328 debeamus),
730 4229 801 4304 hoc
812 4229 930 4302 solum
943 4228 1121 4305 babemus
1138 4232 1274 4306 residui
1288 4248 1330 4307 ut
1345 4257 1431 4307 ocu·
1549 4312 1557 4330 ,
