3282 5168
610 561 719 622 unm
748 561 932 636 Quamne.
1244 567 1301 624 su

238 692 398 768 tionibus
410 693 542 786 missis,
556 708 733 792 qnatenus
746 695 936 795 impietatis
947 695 984 768 in
996 709 1182 794 parentem
1193 697 1304 795 poeni·

237 810 401 883 tudinem
418 833 561 908 gerens,
577 835 661 882 eum
674 835 817 884 carcere
833 827 868 885 et
884 812 1087 911 captivitate
1102 811 1302 886 absolveret

236 941 343 1023 atque
366 924 550 1018 liberaret,
569 927 715 1000 tandem
731 928 778 1001 ad
794 953 832 1000 se
849 953 933 1000 eum
953 929 1117 1002 accersiri
1130 944 1166 1001 et
1180 931 1303 1002 venire

237 1044 352 1116 lecit¹.
379 1046 473 1115 Cum
497 1058 617 1117 autem
645 1044 741 1143 apud
771 1069 854 1116 eum
878 1059 970 1118 esset
999 1060 1033 1116 et
1066 1046 1111 1118 de
1141 1045 1304 1142 hujusce·

237 1159 338 1232 modi
353 1159 650 1232 machinamentis
666 1162 739 1232 suis
751 1185 793 1234 ac
808 1161 941 1234 foedere
957 1187 1041 1234 eum
1053 1163 1125 1235 suis
1138 1162 1303 1236 hostibus

236 1275 406 1375 copulato
423 1302 509 1349 enm
535 1277 807 1372 interrogasset,
826 1278 1002 1378 pollicens
1027 1278 1132 1352 etiam
1159 1281 1218 1352 isti
1241 1305 1303 1352 ve-

238 1393 336 1466 niam
364 1393 533 1466 daturum
556 1417 615 1486 se,
644 1395 673 1465 si
699 1394 732 1465 ei
757 1408 871 1466 totam
896 1395 1094 1494 plenariam
1120 1396 1303 1496 detegeret

237 1511 436 1604 veritatem,
458 1511 580 1583 omnia
596 1509 759 1604 infitiari,
778 1535 887 1608 quam
909 1536 1043 1594 verum,
1061 1515 1300 1613 respondere,

238 1627 381 1717 maluit,
401 1627 588 1701 mendacia
608 1652 671 1700 sua
693 1626 927 1723 jurejurando
956 1628 1186 1703 confirmans.
1211 1633 1303 1703 Sane

237 1770 321 1819 eum
343 1745 639 1840 Burgundionum
663 1744 794 1817 ducem
818 1745 966 1817 minime
988 1747 1117 1820 veritas
1143 1747 1301 1820 molitio-

238 1886 327 1932 num
350 1861 493 1954 lateret,
517 1859 666 1959 protulit
691 1862 810 1932 statim
833 1860 1007 1958 quasdam
1031 1857 1165 1935 litteras
1192 1863 1303 1962 ipsius

236 1973 380 2071 juvenis
397 1972 549 2074 Geldriae
568 1973 669 2045 ducis
684 1997 796 2045 manu
808 1975 956 2072 propria
969 1975 1117 2074 scriptas
1134 1992 1169 2048 et
1186 1978 1303 2075 signa·

238 2106 304 2164 tas.
318 2091 457 2180 Quibus
473 2089 540 2163 sibi
556 2092 601 2165 ad
615 2091 879 2190 inspiciendum
891 2091 1074 2185 exhibitis,
1089 2118 1148 2166 eas
1160 2092 1302 2167 dilliterr'

238 2234 319 2282 suas
345 2233 516 2282 essenon
541 2209 671 2307 potnit.
701 2211 788 2295 Quae
803 2206 927 2280 litterae
949 2208 1238 2283 machinamenta
1261 2233 1303 2283 ac

238 2323 426 2396 molimina
446 2323 695 2422 proditionum
719 2345 863 2394 suarum
889 2337 1016 2396 eontra
1042 2325 1210 2398 eumdem
1235 2324 1301 2397 dn·

238 2464 317 2513 cem
332 2438 576 2512 continebant.
590 2439 721 2526 Contra
733 2461 792 2510 eas
805 2428 924 2509 autem
940 2463 1024 2511 cnm
1038 2442 1303 2514 excusationem

239 2556 374 2630 nullam
396 2557 434 2628 in
459 2554 619 2628 medium
635 2554 884 2627 rationabilem
904 2555 1093 2650 attulisset,
1112 2559 1174 2632 sed
1198 2557 1304 2657 plane

240 2695 378 2772 pereas
395 2671 441 2745 de
467 2672 624 2771 perjurio
646 2694 688 2743 ac
711 2667 859 2769 perfidia
876 2670 1162 2765 convinceretur,
1184 2675 1304 2770 jussus

239 2805 293 2862 est
306 2787 343 2862 in
361 2813 501 2861 carcere
522 2786 733 2876 asservari’,
758 2787 917 2884 primum
935 2787 1064 2859 duetus
1088 2789 1126 2861 in
1148 2802 1303 2862 castrum

241 2905 457 2979 Vilrordiae³
474 2907 567 2978 inter
579 2901 828 2977 Macheliniam
840 2916 876 2974 et
893 2903 1083 2977 bruxellas.

289 3027 380 3096 Cum
395 3046 480 3096 vero
497 3045 562 3120 per
577 3018 726 3118 aliquod
739 3031 881 3117 tempus
897 3018 936 3091 in
953 3043 998 3092 eo
1014 3017 1096 3092 loco
1115 3020 1236 3095 fuisset
1250 3047 1305 3096 as·

243 3153 422 3231 serratus,
442 3151 613 3238 corrupta
635 3132 798 3208 custodia
821 3133 905 3207 inde
930 3135 1070 3225 exiens,
1089 3137 1136 3210 ad
1159 3139 1305 3237 propria

240 3255 397 3331 reditum
413 3254 574 3353 arripuit.
596 3251 667 3324 Sed
681 3276 765 3324 cum
781 3249 857 3347 ejus
872 3249 1066 3344 discessus,
1085 3254 1209 3352 paucis
1222 3268 1306 3354 post

241 3371 380 3447 effluxis
394 3371 510 3463 boris,
528 3370 649 3442 fuisset
662 3368 848 3466 cognitus,
865 3391 930 3467 per
942 3366 1102 3442 diversos
1115 3371 1252 3468 equites
1269 3383 1305 3442 et

240 3491 339 3565 varia
369 3501 578 3587 prosecutus
604 3485 752 3574 itinera,
777 3485 874 3582 apud
897 3487 1148 3561 Namurcum
1138 3501 1305 3561 rnventns

240 3608 326 3680 est‘.
344 3605 433 3682 lnde
449 3618 570 3726 autem
586 3601 633 3676 ad
650 3601 950 3732 Burgundionum
970 3602 1139 3736 reduetus
1153 3603 1301 3695 ducem,

283 3791 312 3848 1.
334 3787 404 3846 Ala
420 3785 460 3844 tin
474 3783 511 3843 de
527 3781 681 3842 decembre
695 3783 784 3854 1110,
802 3779 830 3839 le
850 3777 935 3838 duc'
922 3793 1000 3840 etam
1014 3728 1032 3840 1
1047 3783 1169 3844 Hesdin.
1185 3783 1306 3867 Iaenglet

243 3878 421 3954 Dufresnoy,
437 3877 603 3947 commines,
618 3884 639 3930 t.
655 3873 683 3930 11
687 3891 740 3950 ,.p
760 3871 828 3929 196.

282 3969 312 4028 1.
334 3967 428 4045 Apres
444 3962 528 4024 aruir
540 3961 640 4070 essayt'a
660 3959 696 4019 de
718 3977 749 4019 se
769 3957 926 4018 sonstraire
942 3977 995 4040 par
1008 3959 1037 4019 la
1056 3960 1156 4021 luite
1147 3981 1164 4019 a
1183 3960 1214 4021 la
1228 3981 1305 4022 ven·

241 4027 580 4154 gemeedudue;·mais
599 4050 621 4110 il
639 4052 681 4111 lut
698 4049 825 4129 rattrape'
845 4051 862 4108 a
883 4049 1304 4128 Namnr.Gommines,l.1V‚

240 4169 309 4212 tat.

283 4241 312 4300 3.
334 4237 474 4298 vilvorde
487 4255 524 4297 en
537 4233 672 4296 Braban't.

284 4331 313 4389 1.
335 4331 472 4388 L’auteur
494 4313 619 4389 eoniond
633 4334 707 4382 cette
730 4319 848 4382 evasion
868 4339 939 4380 aver
964 4321 994 4380 la
1017 4319 1089 4380 tutte
1109 4320 1160 4400 qui
1180 4319 1307 4401 precede
