3402 5186
623 498 733 556 LIBER
752 497 901 556 PRIMUS.
1249 502 1281 557 st

235 653 310 700 non
333 629 468 725 absque
488 625 690 722 ingentibus
707 619 859 696 moerore
875 639 910 696 et
928 625 1092 699 lamentis
1114 628 1151 700 iu
1169 627 1287 700 scorta

235 744 371 816 relicto.
409 817 412 820 .

284 860 366 930 Haec
385 858 481 929 fuere
505 858 652 949 auxilia,
680 856 756 928 haec
778 855 1008 928 humanitatis
1040 858 1163 929 solatia
1183 883 1262 954 quae
1274 913 1286 948 ,

236 972 283 1044 ad
298 997 418 1070 regern
435 978 668 1064 Francorum,
691 984 791 1044 tanto
809 972 1082 1070 propinquitatis
1104 998 1199 1044 nexu
1220 975 1289 1045 sibi

235 1089 385 1187 viroque
409 1113 475 1160 suo
502 1088 755 1183 conjunctum,
786 1087 1014 1185 confugiens,
1045 1090 1122 1187 ipsa
1145 1090 1290 1164 illustris

238 1203 431 1298 anglorum
448 1205 570 1300 regina
586 1203 721 1274 invenit
747 1229 754 1272 :
783 1201 887 1300 longe
903 1204 1062 1301 profecto
1080 1229 1122 1277 ac
1139 1206 1290 1277 nimium

236 1317 292 1391 his
313 1319 484 1419 imparia,
513 1343 593 1416 quae
616 1318 697 1416 pius
718 1319 858 1413 genitor
882 1343 967 1390 suus
988 1319 1135 1392 Carolus
1158 1320 1291 1394 eisdem

200 1479 203 1486 -
238 1435 308 1506 suis
324 1436 449 1533 nepoti
471 1435 668 1532 neptique,
696 1432 764 1504 nisi
782 1432 821 1504 in
836 1431 906 1528 sata
922 1436 1151 1508 concessisset
1171 1491 1180 1528 ,
1204 1460 1292 1536 pne·

237 1565 329 1624 stare
343 1551 552 1650 adparabat.
1169 1543 1178 1560 ’

584 1851 838 1924 CAPITULUM
865 1855 939 1923 XV.

240 2058 359 2126 Qualiter
370 2055 532 2109 Francorum
543 2071 590 2108 rex
601 2073 663 2108 cum
673 2053 810 2123 Edoardo,
821 2058 967 2128 Anglorum
979 2055 1124 2132 [tyranno]‚
1136 2059 1212 2112 binas
1223 2071 1294 2114 neu-

274 2157 320 2212 gas
334 2137 392 2191 iniit
403 2137 517 2190 exitiales
527 2136 657 2203 llanrico,
671 2139 816 2208 Anglorum
828 2138 897 2209 regi,
916 2139 1076 2192 consobrino
1091 2157 1153 2208 suo;
1169 2141 1216 2212 qui
1227 2140 1295 2196 deli-

275 2233 374 2274 tescens
383 2218 410 2271 in
421 2219 579 2271 monasterio
589 2237 674 2290 prope
685 2218 751 2272 fines
762 2219 835 2290 regni
847 2219 897 2284 sui,
909 2219 1032 2291 proditus
1042 2219 1179 2292 Eduardo,
1192 2222 1225 2276 ab
1236 2221 1294 2294 ipso

274 2299 303 2352 in
313 2298 395 2353 Tu'rri
408 2295 610 2351 Londoniarum
624 2299 723 2352 carceri
734 2311 771 2352 est
783 2299 956 2371 mancipatus.

289 2482 358 2556 Sed
375 2497 410 2554 ct
431 2507 506 2554 non
523 2480 630 2576 longe
650 2492 841 2577 postquam
858 2479 984 2552 eadem
1003 2483 1124 2577 regina
1139 2483 1176 2554 in
1187 2487 1294 2556 Fran·

241 2600 332 2672 ciam
349 2598 574 2685 adventarat,
594 2608 630 2666 et
646 2593 764 2666 eidem
778 2593 896 2666 verbis
916 2620 1045 2692 magna
1062 2622 1098 2668 se
1116 2597 1296 2672 exhibitu-

242 2739 322 2786 rum
349 2713 474 2786 solatia
497 2737 557 2784 rex
585 2709 859 2810 spoponderat,
890 2711 1009 2783 modis
1035 2713 1203 2786 omnibus
1232 2739 1296 2812 per

241 2830 400 2902 medium
416 2828 555 2902 comitis
571 2827 616 2900 de
632 2826 831 2918 Waruicd¹,
850 2851 958 2922 quern
980 2853 1195 2927 magnopere
1210 2844 1297 2902 tuno

242 2945 404 3036 colebat,
431 2945 602 3017 amicitias
617 2957 724 3039 atque
750 2941 884 3014 loedera
900 2943 1055 3016 Edoardi
1080 2946 1171 3041 regis
1188 2971 1295 3045 expe·

241 3077 314 3134 tere
327 3085 365 3133 se
379 3059 544 3133 ostendit.
562 3057 783 3155 Agnoscebat
795 3059 963 3130 eumdem
975 3061 1142 3132 comitem
1152 3077 1294 3136 versuto

243 3177 430 3250 callentem
448 3175 610 3272 ingenio,
636 3173 682 3246 ad
704 3173 918 3246 tradimenta
935 3199 975 3246 ac
993 3175 1214 3273 proditiones
1236 3180 1295 3252 in·
1372 3175 1379 3189 '

242 3307 478 3366 strumentum
496 3290 692 3382 idoneum,
722 3297 876 3389 sperans¹
892 3290 968 3386 ejus
990 3305 1066 3363 astu
1084 3348 1094 3386 ,
1120 3293 1296 3392 quidquid

217 3409 497 3514 desiderasset,
535 3431 639 3506 posse
667 3406 838 3502 consequi
867 3405 912 3477 de
946 3406 1141 3502 luglorum
1168 3435 1292 3508 regno.

244 3526 347 3598 Unde
373 3525 539 3599 eumdem
569 3523 737 3594 comitem
761 3521 893 3620 pluries
916 3521 1114 3597 sollicitavit
1138 3527 1321 3600 muneri.

242 3643 380 3739 busque
406 3641 549 3742 pellexit
575 3653 636 3732 ut,
670 3638 716 3710 ad
734 3638 954 3735 colloquium
978 3661 1060 3710 cum
1081 3663 1125 3712 eo
1147 3636 1296 3712 familia·
1363 3635 1366 3642 ’

243 3757 316 3828 rius
341 3755 565 3845 habendum,
587 3753 645 3825 vel
665 3752 712 3826 ad
730 3751 1027 3846 abbatisvillam,
1056 3754 1111 3826 vel
1131 3756 1177 3827 ad
1198 3755 1295 3828 aliud

284 3967 311 4021 l.
335 3957 459 4018 Richard
477 3957 576 4032 Nevil,
596 3970 689 4017 comte
711 3956 748 4015 de
763 3957 906 4017 Warwicls
925 3971 954 4016 et
974 3959 1010 4017 de
1029 3957 1188 4039 salisbury,
1204 3960 1295 4040 grand

242 4047 406 4112 chambrier
417 4045 629 4124 d'Angleterre,
640 4045 666 4103 le
676 4047 770 4102 mame
782 4043 852 4103 dont
863 4045 883 4103 il
897 4047 968 4107 ao'tt'e
976 4047 1057 4127 parlti
1071 4048 1142 4110 dam
1151 4047 1297 4110 l’Histoirs

242 4141 279 4198 de
292 4138 409 4198 Charles
422 4139 486 4207 Vll,
501 4135 522 4192 l.
538 4138 579 4206 V,
591 4154 616 4193 c.
632 4153 692 4190 xva.

282 4232 311 4286 Ω.
334 4227 497 4288 abbeville.
