3272 5182
254 498 310 603 ſs·
358 536 417 593 τοι
633 530 891 592 nrsromaaun
909 523 1089 590 tunonu
1108 533 1152 590 xi

357 666 491 759 caeteri,
509 666 609 762 juxta
627 664 842 764 sponsiones
858 662 952 734 inter
968 687 1007 735 se
1024 662 1148 756 factas,
1170 687 1233 736 eos
1251 663 1426 757 insecuti,

359 774 619 879 adaequassent,
638 803 715 853 non
730 779 884 853 dubium
898 781 985 875 quin
998 779 1044 852 de
1057 779 1157 878 ipsis,
1173 778 1312 852 nedum
1325 779 1427 876 pn'n·

359 899 522 997 cipibus,
557 898 682 971 sedet
714 897 761 970 de
791 897 964 972 militibus
994 912 1029 970 et
1057 898 1231 986 exercitu,
1268 911 1430 993 stragem

359 1016 539 1113 ingentem
561 1014 725 1087 fecissent
752 1014 953 1114 urbemque
979 1038 1081 1087 suam
1108 1029 1144 1086 et
1170 1013 1349 1112 populum
1376 1013 1430 1086 ab

358 1131 561 1203 imminenti
589 1129 832 1202 vindicassent
858 1131 1012 1204 excidio.
1043 1128 1114 1201 Sed
1136 1129 1193 1200 vel
1218 1143 1339 1219 metu,
1366 1127 1429 1201 vel

358 1247 518 1344 ignavia,
547 1259 611 1316 aut
639 1245 784 1338 inertia,
815 1247 992 1345 promissa
1018 1259 1055 1318 et
1080 1241 1250 1317 condicta
1274 1244 1428 1317 minime

358 1361 613 1459 adimplentes,
641 1375 678 1432 et
702 1361 808 1434 sociis
834 1363 906 1434 suis
928 1362 1046 1454 necis,
1072 1374 1108 1432 et
1130 1359 1262 1431 civitati
1285 1358 1428 1457 totique

358 1478 482 1577 patriae
496 1475 707 1550 calamitatis
724 1501 860 1574 magnae
876 1503 1023 1551 oausam
1040 1478 1292 1577 praestiterunt.

408 1601 566 1668 Accenso
586 1595 684 1667 enirn
706 1595 860 1694 proinde
881 1593 1066 1669 acerbiore
1088 1594 1173 1666 odio
1195 1607 1231 1665 et
1251 1593 1427 1692 indigna-

358 1712 458 1784 tione
479 1719 615 1810 majore
632 1711 751 1810 (quae,
774 1726 810 1784 et
832 1711 969 1811 absque
990 1711 1080 1806 hoc,
1100 1725 1272 1810 perantea
1288 1711 1371 1782 satis
1388 1723 1428 1782 et

358 1828 552 1927 supersatis
569 1826 793 1901 exacerbata¹
808 1823 919 1926 erat),
938 1828 1058 1928 parari
1083 1841 1118 1899 et
1141 1826 1286 1926 disponi
1302 1826 1428 1900 omnia

360 1942 657 2041 Burgundionum
683 1944 760 2015 dux
782 1943 829 2015 ad
851 1944 953 2016 urbis
983 1944 1286 2044 expugnationem
1305 1941 1423 2040 jussit.

360 2062 403 2130 Bt
425 2061 599 2156 quoniam
628 2060 723 2134 intra
747 2083 827 2133 eam
856 2061 1003 2160 plurimi
1027 2073 1129 2133 erant
1152 2059 1234 2158 qui,
1264 2073 1301 2133 et
1324 2059 1427 2158 signa

258 2267 261 2280 μ
358 2176 451 2272 regis
475 2181 695 2248 Francorum
722 2176 904 2268 serebant,
933 2192 969 2250 et
993 2202 1060 2250 suo
1083 2177 1234 2249 nomine
1259 2189 1295 2249 et
1321 2175 1427 2248 titulo

358 2293 605 2366 acclamabant
622 2294 712 2391 (non
729 2293 886 2368 valentes
899 2319 961 2368 seu
979 2295 1087 2368 etiarn
1102 2294 1263 2366 volentes
1279 2292 1428 2366 credere

359 2410 466 2509 quod
493 2410 540 2483 ad
574 2410 676 2484 urbis
707 2435 779 2486 suae
809 2413 991 2486 excidium
1015 2415 1236 2483 Francorum
1262 2435 1325 2481 rex
1355 2408 1428 2482 illio

358 2526 497 2599 adesset
524 2540 559 2598 et
585 2552 668 2599 cum
695 2528 1010 2626 Burgundionibus
1036 2525 1266 2624 advenisset),
1287 2525 1427 2626 procla.

360 2644 470 2716 matio
496 2659 605 2742 atque
632 2644 790 2719 edictum
818 2645 1005 2719 incastris
1033 2643 1333 2741 Burgundionum
1361 2645 1429 2716 luit

358 2758 581 2857 publicatum
605 2777 644 2834 ut
669 2761 807 2854 nullus,
831 2762 899 2835 sub
922 2785 1031 2861 poena
1052 2761 1195 2860 mortis,
1220 2760 1296 2835 sine
1320 2785 1429 2834 eruce

296 2967 299 2978 Ι
358 2876 472 2948 saneti
493 2877 658 2970 Andreae,
682 2903 762 2976 quae
782 2893 834 2951 est
854 2878 1152 2978 Burgundionum
1170 2878 1330 2974 signum,
1348 2865 1427 2953 'ullo

359 3006 466 3089 pacto
488 2985 688 3094 appareret.
713 2995 780 3066 Cui
805 2994 925 3068 edicto
955 3018 1030 3067 non
1054 2994 1167 3067 modo
1193 2995 1336 3088 Franci,
1364 2995 1428 3093 qui
1552 3021 1555 3030 ’

358 3134 443 3181 cum
465 3135 548 3207 rege
574 3110 813 3204 advenerant,
836 3133 962 3184 verum
985 3112 1093 3184 etiam
1115 3111 1190 3209 ipse
1210 3133 1273 3182 rex
1297 3109 1428 3184 devote

359 3252 509 3328 parens,
540 3230 683 3327 signum
708 3227 918 3325 hujusmodi
947 3229 986 3300 in
1014 3252 1080 3301 sua
1104 3239 1203 3301 veste
1234 3227 1361 3326 patulo
1385 3251 1427 3301 ac

359 3345 544 3418 manifeste
562 3345 729 3443 portavit.

407 3467 451 3534 Et
474 3477 545 3535 nec
568 3487 613 3536 eo
636 3465 716 3536 solo
739 3476 946 3558 contentus,
974 3462 1039 3536 sed
1065 3475 1105 3535 ut
1128 3459 1294 3535 devotius
1318 3461 1426 3535 etiam

359 3575 509 3675 obsequi
522 3593 629 3677 atque
643 3578 737 3653 affici
749 3579 835 3654 duci
849 3579 1143 3677 Burgundionum
1155 3603 1193 3650 se
1205 3576 1424 3668 ostenderet,

358 3708 394 3766 et
407 3694 553 3792 nequid
564 3721 713 3796 prorsus
727 3697 939 3796 suspicionis
952 3694 1108 3779 adversae
1118 3695 1338 3794 relinqueret
1350 3715 1426 3766 non

356 3825 567 3910 purgatum,
586 3839 672 3886 cum
691 3815 859 3887 uounulli
884 3809 928 3886 ex
946 3811 1103 3903 civibus,
1126 3835 1245 3909 regem
1267 3815 1425 3884 Franco-

357 3953 438 4003 rum
456 3931 493 4002 in
517 3931 690 4004 auxilium
714 3932 939 4022 invocantes,
960 3937 997 4004 s'e
1014 3953 1169 4028 suosque
1185 3929 1337 4001 militare
1359 3926 1426 4000 sibi

360 4033 621 4143 acclamarent,
647 4073 710 4122 eos
730 4050 899 4122 mentitos
919 4047 996 4121 lore
1017 4071 1077 4120 rex
1100 4047 1175 4146 ipse
1192 4071 1255 4119 ore
1275 4044 1426 4146 proprio
1466 4052 1472 4062 '

311 4337 315 4344 ,
400 4277 429 4336 l.
453 4275 628 4336 scaettae
641 4274 712 4337 dans
728 4275 756 4336 la
772 4295 825 4336 ms.
