3322 5172
534 569 651 626 INDEX
677 570 954 630 CAPITULORUM.
1218 577 1276 633 429

249 750 383 808 visitatum
396 752 484 826 veuit,
509 752 552 806 cui
568 771 615 808 rex
638 751 792 809 vicariatum
812 756 932 830 regende
948 770 974 812 et
992 715 1276 814 administrandum

249 840 421 897 Normanniae
434 837 518 910 dedit,
531 841 582 895 sibi
592 859 687 914 magna
700 835 825 916 peissioue
835 847 991 914 constituta;
1005 865 1063 920 qum
1078 849 1170 903 omnia
1182 849 1206 904 ei

250 930 337 984 statim
350 929 449 986 ademit
452 969 1198 993 ..........................................
1242 939 1276 991 08

217 1087 377 1142 Carnunmr
390 1106 446 1144 xxi.
458 1088 624 1156 -Qualiter
635 1107 692 1155 ren,
707 1105 758 1161 pro
770 1087 876 1142 luendis
887 1089 961 1144 terris
971 1090 1098 1147 Picardite
1110 1092 1205 1164 pigno-

248 1176 312 1230 ratis
328 1175 391 1228 duci
409 1173 580 1248 Burgundiae,
596 1174 715 1248 deposita
728 1195 787 1247 qua
802 1176 830 1229 in
844 1177 952 1231 ecdesia
965 1179 1104 1233 Parisieusi
1120 1199 1207 1236 serva·

250 1263 358 1331 bantur,
373 1263 449 1327 tulit,
466 1276 493 1318 et
507 1263 594 1318 edicto
609 1264 748 1337 proposito
765 1265 865 1318 eunctis
881 1265 997 1320 venandi
1009 1279 1165 1339 potestatem
1179 1281 1206 1321 et

250 1351 399 1406 facultatem
414 1351 513 1407 ademit
517 1391 1201 1413 .......................................
1243 1357 1277 1410 70

195 1455 204 1474 ⁹
215 1493 374 1550 Carnutum
386 1514 451 1552 xm.
464 1525 500 1537 —
510 1496 551 1547 De
562 1492 619 1546 aliis
629 1491 736 1546 duobus
747 1493 844 1563 iniquis
855 1492 957 1564 edictis,
968 1508 994 1550 et
1005 1495 1039 1551 de
1053 1497 1118 1554 novi
1129 1497 1208 1553 vecti·

250 1583 316 1656 galis
325 1582 400 1657 apud
412 1583 631 1638 Pontem-Archa
645 1580 855 1637 introductione.
873 1621 1202 1642 ...................
1244 1587 1279 1639 76

215 1727 375 1782 errmorr
392 1744 469 1784 xxm.
481 1753 517 1769 -
528 1727 569 1778 De
586 1724 696 1780 luitioue
714 1737 845 1780 terrarum
866 1723 993 1779 Picardiu
1012 1738 1038 1780 et
1053 1743 1146 1796 earum
1159 1727 1209 1780 sub

251 1816 350 1887 regiam
361 1814 490 1870 ditionem
501 1814 666 1870 restitutione
668 1851 1207 1872 ...............................
1244 1817 1279 1870 80

216 1963 376 2016 Cerinmunr
388 1977 462 2019 xx1v.
477 1991 512 2004 -
523 1963 563 2017 De
572 1961 752 2035 legationibus
763 1961 942 2032 frequentibus
954 1958 989 2014 ad
999 1958 1095 2014 ducem
1107 1961 1208 2014 Britan-

251 2051 303 2104 nin
321 2050 421 2118 missis,
439 2063 465 2105 et
482 2065 615 2108 conventu
627 2051 780 2124 principum
795 2051 912 2104 Turonis
925 2049 1033 2119 habito;
1050 2062 1111 2122 post
1130 2067 1211 2121 quem

253 2140 371 2214 perrexit
385 2158 432 2195 rex
443 2139 479 2194 ad
489 2140 610 2196 msendas
621 2152 703 2195 terras
714 2159 772 2194 suas
783 2139 925 2210 Picardiar,
943 2153 970 2194 et
984 2139 1146 2212 Burgrmdiae
1160 2138 1210 2193 du·

251 2247 308 2283 uem
311 2268 1205 2286 ..................................................
1245 2227 1280 2279 82

216 2372 374 2427 Currunurt
392 2391 454 2429 xxv.
467 2403 503 2416 -
514 2376 555 2427 De
569 2373 719 2446 captivitate
732 2371 895 2428 Bastardide
906 2373 1043 2446 Rubemprd
1052 2373 1081 2426 in
1093 2379 1207 2426 Gcrcum.
1246 2372 1281 2423 87

217 2515 375 2572 eumue
386 2537 459 2575 xxvi.
473 2545 509 2561 -
520 2517 560 2572 De
571 2518 701 2591 legatione
716 2536 805 2590 arege
817 2518 895 2572 missa
908 2516 943 2572 ad
960 2518 1131 2591 Philippum,
1147 2520 1211 2572 Bur-

253 2606 359 2678 gundio
376 2605 489 2675 ducem,
503 2619 530 2662 et
546 2607 650 2662 comitis
666 2605 700 2660 de
719 2608 865 2674 Charofois,
886 2607 934 2662 filii
951 2607 1009 2675 sui,
1028 2625 1119 2662 coram
1136 2618 1211 2678 patre

253 2714 302 2751 suo
317 2698 501 2764 accusatione,
513 2695 647 2771 ipsiusque
657 2698 706 2752 filii
717 2699 889 2771 responsione
899 2711 977 2768 atque
989 2696 1166 2770 defensione..
1177 2737 1184 2752 .
1195 2736 1203 2754 .
1243 2697 1278 2750 00

218 2841 378 2898 Currrunurr
390 2860 472 2901 xxvn.
491 2873 527 2885 -
538 2841 684 2910 Quomodo
699 2862 746 2896 rex
761 2842 892 2915 plurimos
907 2835 1018 2898 conatus
1029 2841 1161 2915 impendit
1175 2841 1211 2896 ad

254 2929 475 3004 disrumpendum
492 2928 591 2986 foedera
603 2943 628 2984 et
639 2931 766 2986 amicitias
777 2931 846 2986 inter
859 2929 954 2985 ducem
965 2931 1107 2986 Britannias
1121 2943 1146 2986 et
1161 2950 1211 2985 co-

254 3023 345 3077 mitem
356 3020 390 3076 de
404 3021 546 3088 Cftarolois3
561 3033 587 3075 et
598 3021 729 3075 invectiva
740 3033 834 3074 contra
847 3020 1000 3077 ambitiosos
1003 3059 1204 3078 ............
1246 3022 1281 3075 92

220 3169 379 3226 Cumanas
390 3193 483 3230 xxvm.
496 3205 533 3218 -
543 3171 688 3242 Quomodo
703 3173 823 3244 Carolus,
836 3174 918 3230 frater
928 3172 1006 3246 regis,
1019 3191 1034 3226 e
1045 3171 1157 3229 Pictavis
1169 3189 1214 3226 vo·

254 3260 348 3314 femin
361 3263 523 3320 Britanniam
536 3263 668 3320 adductus
683 3263 733 3318 fuit
736 3300 1207 3323 ...........................
1247 3263 1283 3317 08

589 3585 694 3639 LIBER
717 3586 911 3644 SECUNDUS.

221 3817 378 3872 Carinum
388 3833 508 3871 rancura.
519 3845 555 3858 -
566 3816 711 3883 Quomodo
723 3835 812 3872 comes
821 3816 953 3871 Duuensis
961 3817 1055 3873 iterato
1067 3836 1154 3890 aroge
1165 3817 1215 3871 fuit

257 3909 286 3962 in
303 3907 468 3962 Britanniam
487 3907 594 3974 missus,
613 3925 662 3960 nec
678 3905 715 3961 ad
732 3925 794 3961 eum
813 3923 945 3974 reversus3
963 3920 991 3961 et
1007 3906 1041 3962 de
1061 3906 1216 3979 principum

257 3995 332 4068 regni
351 3994 487 4049 communi
500 3995 684 4068 conjuratione
702 4008 728 4049 et
740 3993 868 4060 motione,
884 4006 913 4048 ut
926 3995 1044 4066 aiebant,
1060 3992 1095 4048 ad
1112 3993 1215 4066 Reipu-

256 4085 332 4139 blica
342 4084 418 4157 regui
428 4084 644 4140 instaurationem
647 4121 1209 4139 ................................
1233 4080 1284 4134 100

222 4241 380 4296 Carmm'osr
395 4261 426 4297 n.
438 4273 475 4285 -
488 4246 530 4296 An
542 4243 577 4296 ab
589 4253 698 4309 eventu,
711 4240 833 4294 omnium
842 4237 998 4312 hujusmodi
1008 4237 1160 4311 principum
1176 4237 1215 4292 iu-

258 4332 341 4386 teutio
352 4345 378 4387 et
389 4346 462 4388 actus
474 4333 537 4388 rnali
547 4345 608 4387 sunt
619 4329 756 4406 judicandi
760 4371 835 4386 .....
844 4371 853 4416 ,'
864 4367 1210 4386 ....................
1234 4327 1287 4382 100
