3322 5172
613 507 721 612 niun
741 555 913 628 Qtnttrus.
1234 553 1292 611 aas

237 686 329 762 secto
344 709 444 764 secus
460 685 493 758 ei
510 686 694 785 provenit3
714 709 799 759 nam
812 710 915 778 oum,
935 697 1048 765 tractu
1066 683 1175 756 serme
1186 683 1293 756 unius

236 803 342 893 anni,
361 826 547 901 processus
568 825 654 874 suus
667 801 789 874 suisset
801 802 970 898 agitatus,
989 798 1134 872 tandem
1151 798 1293 897 capitali

237 920 411 993 sententia
424 907 613 992 damnatus
629 918 705 1006 fuit,
723 919 890 991 omnibus
905 915 1106 989 honislisco
1123 917 1219 1012 regio
1234 914 1295 988 ad·

234 1036 412 1133 judicatis.
426 1036 536 1132 Cujus
551 1036 732 1110 sententiae
742 1036 851 1107 etiam
862 1035 1039 1108 exsecutio
1049 1034 1086 1105 in
1099 1031 1187 1104 urbe
1196 1032 1293 1128 regia

238 1150 423 1222 Parisiensi
436 1148 526 1223 facta
542 1151 684 1244 exstitit,
700 1173 797 1222 anno
811 1149 958 1221 Domini
974 1149 1267 1220 u.ccoc.mxv11¹.

289 1269 316 1336 Α
333 1263 515 1338 nonnullis
536 1280 655 1340 tamen
675 1264 867 1356 serebatur,
884 1265 1004 1364 plures
1024 1289 1069 1336 ex
1086 1263 1295 1336 consiliariis

239 1381 344 1454 curiae
362 1381 573 1456 Parlomenti
594 1381 798 1453 Parisiensis
820 1381 856 1451 iu
874 1381 970 1477 ejus,
985 1380 1083 1452 velut
1107 1380 1259 1451 insontis
1275 1401 1296 1450 a

239 1498 408 1589 crimine,
426 1498 697 1572 damnationem
719 1497 868 1568 minime
889 1498 1092 1578 consentire
1118 1496 1292 1588 voluisse3

239 1638 331 1712 quos
347 1628 536 1713 propterea
553 1614 687 1686 acuria
700 1626 736 1684 et
751 1611 878 1683 ordine
897 1626 1017 1683 motos
1035 1627 1141 1710 atque
1163 1611 1296 1708 ejectos

240 1755 305 1829 per
325 1753 445 1826 regem
471 1727 626 1801 aiebant.
649 1731 703 1799 An
724 1741 844 1802 tamen
866 1728 916 1799 ita
934 1726 1038 1799 suerit
1057 1751 1189 1820 necne,
1220 1752 1297 1799 non

240 1844 323 1915 satis
340 1856 567 1942 compertum
583 1844 757 1917 hactenus
775 1841 973 1933 habemus,
995 1841 1080 1914 licet
1109 1843 1215 1920 etiam
1234 1842 1298 1914 diu

240 1974 322 2058 post
335 1959 406 2031 hoc
419 1985 547 2033 verum
560 1959 599 2032 id
614 1960 721 2033 luisse
732 1985 752 2032 a
763 1959 834 2032 lide
848 1961 965 2058 dignis
979 1959 1216 2053 audierimus3
1235 1959 1297 2057 qui

240 2101 323 2148 cum
340 2076 478 2149 Parisiis
494 2075 602 2150 etiam
618 2091 755 2166 essent,
774 2101 859 2148 cum
875 2075 921 2149 de
938 2076 1065 2150 eodem
1084 2074 1298 2176 supplicium

241 2193 383 2293 publice
413 2209 634 2288 sumeretur,
664 2193 891 2267 affirmabant
910 2220 948 2268 se
974 2194 1103 2268 vidisse
1132 2218 1299 2291 magnam

240 2309 406 2380 vivorum
424 2305 693 2383 multitudinem
711 2325 746 2383 et
763 2311 955 2382 mulierum
973 2311 1172 2408 alacrymis
1188 2324 1224 2381 et
1240 2334 1298 2405 ge-

242 2424 332 2496 mitu
349 2425 496 2498 minime
523 2438 723 2524 temperare
740 2425 942 2514 valentem,
962 2451 1029 2524 pro
1047 2450 1091 2498 eo
1108 2423 1208 2523 quod
1225 2438 1299 2496 tam

240 2537 360 2610 bonus
375 2554 410 2611 et
422 2541 537 2637 justus
556 2542 723 2640 princeps
739 2555 846 2638 atque
864 2541 1037 2615 innocens
1056 2542 1257 2640 puniretur.

291 2657 396 2726 Hunc
422 2654 543 2754 itaque
566 2657 701 2728 exitum
727 2655 856 2728 habuit
880 2656 939 2728 ille
965 2655 1179 2727 venerabilis
1201 2655 1301 2726 illus·

241 2769 376 2866 trisque
393 2770 559 2870 princeps
577 2769 649 2843 dux
668 2771 714 2842 de
737 2777 932 2862 Nemeum,
953 2771 1053 2870 apud
1071 2770 1198 2866 vulgus
1221 2771 1300 2867 qui-

243 2884 327 2956 dem
344 2885 522 2960 infelicem
549 2901 585 2959 et
614 2888 803 2979 miserum,
838 2886 901 2958 sed
929 2886 1026 2986 apud
1054 2911 1237 2958 summum
1266 2901 1302 2959 et

243 3002 614 3076 misericordissimum
628 3008 767 3077 Patrem
775 3017 883 3100 atque
893 3002 1061 3076 Judicem·
1067 3001 1179 3101 (apud
1192 3025 1300 3100 quem

244 3119 400 3215 pretiosa
430 3122 563 3193 exsistit
584 3144 683 3192 mors
709 3133 917 3192 sanctorum
933 3119 1033 3215 ejus,
1057 3117 1208 3218 quibus,
1234 3141 1301 3217 pro

242 3234 410 3329 veritate,
437 3237 573 3333 justitia
596 3251 633 3308 et
654 3234 724 3307 lide
752 3235 1038 3334 persecutionem
1060 3232 1300 3333 patientibus,

244 3349 361 3448 ipsum
375 3353 539 3448 promisit
559 3376 711 3449 regnum
724 3351 926 3447 coelorum),
941 3351 1127 3424 communi
1143 3350 1303 3449 pruden-
1345 3403 1353 3418 .

244 3465 333 3538 tium
356 3484 398 3537 ac
419 3463 603 3536 bonorum
625 3466 788 3538 virorum
814 3469 874 3566 pia
896 3467 1151 3556 aestimatione,
1176 3466 1304 3566 procul

145 3609 151 3618 ·
244 3578 356 3650 dubio
374 3578 512 3652 lelicem
531 3603 572 3651 ac
595 3577 755 3652 beatum.
775 3585 910 3653 Verum
926 3607 1034 3675 cum,
1057 3584 1109 3656 uti
1124 3583 1301 3676 diximus,

244 3696 328 3767 satis
345 3695 475 3792 longus
496 3694 673 3769 effluxerit
692 3694 834 3769 dierum
851 3721 975 3769 cursus
991 3699 1027 3768 in
1045 3699 1121 3795 ejus
1137 3701 1304 3799 captione

285 3944 315 3998 l.
337 3941 449 3999 L'arrdt
470 3952 514 3999 est
534 3938 574 3998 du
596 3941 635 3998 to
651 3937 748 4014 juillet
772 3940 859 4000 1477.
885 3939 1072 3999 L’execution
1094 3952 1142 3998 eut
1161 3939 1220 4000 lieu
1246 3960 1303 4000 aux

245 4029 343 4090 nutes
355 4034 384 4089 le
398 4033 417 4088 4
431 4031 510 4090 notit.
527 4028 550 4088 ll
565 4043 608 4089 est
622 4033 639 4088 t
651 4041 736 4088 noter
749 4047 806 4107 que
824 4028 948 4090 l’auteur
961 4051 991 4092 se
1005 4031 1056 4090 tait
1069 4051 1119 4090 sur
1138 4029 1166 4090 la
1188 4031 1303 4090 circon-

245 4129 341 4178 stance
355 4119 406 4178 des
420 4117 533 4178 enfants
547 4117 584 4178 de
597 4122 750 4191 tiemonis,
766 4119 863 4199 place's
877 4139 945 4180 sous
961 4119 1122 4180 lechelaud
1136 4122 1175 4178 ou
1189 4134 1306 4180 mourut

246 4209 309 4267 leur
322 4210 407 4288 pere,
423 4221 451 4267 et
465 4229 517 4268 son
530 4209 636 4270 silence
650 4223 692 4270 est
705 4209 912 4270 certainement
926 4231 965 4270 un
979 4209 1030 4270 des
1043 4222 1210 4291 arguments
1225 4211 1304 4269 itin-

246 4315 358 4374 voquer
370 4309 470 4356 contre
486 4297 513 4358 la
527 4298 652 4358 veracite
667 4297 703 4358 de
716 4313 762 4360 cet
776 4312 839 4359 acte
853 4299 890 4360 de
902 4301 1031 4360 cruautd.
