3384 5184
610 543 720 598 LIBER
749 539 953 600 SECUNDUS.
1257 541 1316 597 tat

253 700 373 772 regern
388 698 509 773 posse,
531 698 615 745 cum
632 688 743 745 terras
758 697 839 744 suas
852 687 959 769 atque
976 671 1134 743 dominia
1150 695 1278 768 magna
1295 697 1315 744 a

253 819 291 866 se
315 793 468 863 invicem
493 805 687 878 terrarum,
709 814 788 887 quae
812 791 885 885 regi
908 787 1098 887 parebant,
1120 789 1315 887 intercape-

254 909 337 980 dine
358 908 534 1005 sejunctas
548 905 742 994 haberent3
763 906 908 1003 insuper
925 921 959 975 et
978 905 1152 1002 quidquid
1170 908 1316 1003 promit·

255 1039 362 1110 teret,
387 1049 470 1096 cum
493 1024 538 1096 ab
558 1025 710 1095 invicem
728 1023 879 1122 separati
897 1021 1031 1110 forent,
1052 1025 1119 1094 nisi
1141 1040 1317 1120 quatenus

252 1140 397 1232 liberet,
415 1140 562 1211 minime
580 1138 809 1237 adimpleret3
831 1162 909 1235 quae
923 1139 1028 1209 etiam
1042 1137 1194 1211 dedisset
1208 1155 1315 1238 atque

252 1254 543 1345 contradidisset,
572 1254 672 1328 facilc
696 1268 819 1352 postea
845 1278 1056 1352 recuperare
1083 1279 1206 1352 posse,
1231 1281 1314 1326 cum

252 1375 340 1448 alter
354 1375 400 1448 ab
417 1375 528 1447 altero
546 1375 673 1448 auxilia
691 1375 863 1473 consequi
878 1399 953 1444 non
971 1375 1117 1447 valeret.

301 1495 383 1564 Haec
410 1492 573 1563 seruntur
599 1491 693 1562 illius
719 1490 821 1562 ducis
852 1489 1129 1562 Mediolanensis
1158 1492 1256 1564 vaira
1279 1507 1315 1566 et

252 1607 381 1681 callida
412 1609 581 1700 consilia,
611 1634 690 1707 quae
722 1608 833 1680 fidem
859 1610 1007 1706 quidem
1034 1609 1111 1681 dari
1139 1625 1175 1682 et
1202 1613 1314 1686 multa

252 1750 336 1798 cum
353 1726 566 1801 sacramenti
589 1725 760 1821 religione
778 1724 950 1797 audacter
965 1724 1144 1823 polliceri,
1164 1728 1229 1799 sed
1248 1731 1314 1800 rni-

253 1843 349 1914 nime
374 1841 575 1927 observari,
597 1855 652 1930 et,
680 1841 839 1937 neglecta
866 1842 1101 1940 jurisjurandi
1127 1844 1311 1940 religione,

252 1953 412 2054 dejdrare
444 1956 656 2029 suadebant.
683 1957 825 2030 Talibus
850 1958 957 2055 igitur
977 1957 1137 2030 imbutus
1162 1961 1313 2033 instruc-

252 2087 379 2170 tusque
406 2072 582 2163 consiliis,
608 2097 708 2144 rexa
731 2096 852 2170 pugna
876 2074 1099 2146 conserenda
1124 2073 1312 2168 abstinuit,

129 2267 136 2283 ,
251 2189 335 2261 licet
352 2187 515 2260 militiam
532 2203 733 2286 equestrem
756 2189 949 2287 plurimam
970 2215 1187 2288 magnasque
1213 2193 1314 2291 pedi·

254 2321 329 2377 tum
369 2305 475 2377 etiam
506 2306 629 2403 copias
662 2304 830 2394 haberet,
862 2321 934 2377 tam
964 2307 1000 2376 in
1032 2308 1174 2382 civitate
1204 2334 1313 2408 quam

248 2422 365 2519 juxta,
384 2423 446 2520 qui
471 2423 567 2520 ripas
590 2422 748 2492 llumiuis
771 2420 1030 2513 observabant,
1052 2449 1097 2496 ue
1121 2426 1314 2497 adversarii

252 2537 386 2611 flumen
405 2551 678 2610 transmearent.
699 2536 931 2608 Particulares
954 2551 1071 2610 tamen
1091 2541 1313 2629 incursiones

250 2654 346 2726 ultro
361 2656 523 2752 citroque
542 2677 633 2751 saepe
647 2651 801 2745 fiebant,
816 2653 853 2724 in
871 2653 1004 2750 quibus
1023 2655 1080 2726 vel
1096 2656 1241 2758 jaculig,
1256 2656 1314 2728 vel

249 2769 459 2842 lancearum
476 2769 604 2841 ictibus
625 2769 791 2840 nonnulli
814 2770 941 2854 saucii,
966 2768 1184 2866 aliquando¹
1205 2775 1314 2845 inter-

253 2886 353 2980 fecti,
372 2911 470 2959 nnnc
483 2885 570 2976 hac,
590 2910 687 2957 nunc
703 2885 794 2976 illic,
815 2884 1072 2958 reserebantur.
1092 2893 1136 2961 Et
1153 2889 1198 2961 de
1214 2906 1314 2988 parte

175 3021 177 3026 ·
251 3002 377 3100 inqua
394 3016 496 3074 crant
515 3018 628 3074 castra
650 3002 968 3100 Burgundionum,
990 3002 1159 3101 frequens
1177 3005 1236 3078 ille
1259 3007 1314 3077 lu-

252 3117 322 3191 dus
335 3118 517 3214 agebatur.

602 3442 856 3510 CAPITULUM
881 3443 956 3510 Vll.

251 3643 396 3712 Quomodo
416 3642 548 3715 oppidum
566 3643 708 3697 Pontimra
726 3656 753 3696 et
774 3645 837 3696 urbe
856 3643 1053 3715 Rothomagnm
1071 3647 1184 3702 lectione
1204 3629 1316 3717 eorum,

286 3727 331 3795 qni
344 3743 430 3796 arege
447 3737 604 3796 acceperant
615 3741 710 3776 eorum
721 3722 883 3789 custodiam,
896 3721 1049 3778 deiecerunt
1061 3729 1096 3779 ab
1113 3749 1145 3782 eo
1163 3743 1188 3781 et
1199 3731 1311 3784 transie-

287 3818 351 3859 runt
360 3803 395 3858 ed
408 3804 541 3876 principes
555 3805 718 3876 conjuratos.

301 3983 372 4056 Sed
388 3983 476 4057 dum
492 3984 569 4056 haec
586 3983 632 4055 ita
651 3996 877 4081 gererentur,
901 4006 968 4054 nec
993 3983 1039 4056 de
1060 3984 1314 4058 reformatione

252 4101 352 4198 regni
366 4125 428 4174 rex
444 4099 577 4198 aliquid
590 4099 715 4173 audire
726 4099 963 4198 permitteret,
980 4101 1127 4198 contigit
1141 4114 1179 4172 nt
1194 4117 1314 4174 custos

292 4296 322 4354 l.
345 4292 443 4353 Plutdt
454 4298 547 4370 aliqui
561 4313 634 4353 veru.
